3756 6158
246 429 307 495 602
756 430 807 480 Die
825 429 1009 480 medicinische
1026 427 1154 480 Faculttt.

245 609 290 675 Et
313 608 374 674 hoc
393 611 495 675 eciam
515 611 704 697 intelligitur
725 612 765 677 de
785 611 964 677 licenciatis
983 621 1015 676 et
1042 609 1229 678 doctoribus
1255 610 1335 678 alibi
1364 614 1522 701 promotis
1555 623 1588 680 et
1612 614 1664 681 hic

248 710 460 775 assumendis.

328 842 499 907 Promotus
540 845 574 908 in
612 842 859 909 baccalaureum
899 843 1079 908 medicinae
1119 844 1152 908 in
1186 843 1251 909 alia
1285 845 1499 912 universitate
1530 847 1662 930 famosa,

245 942 399 1006 affectans
421 943 523 1029 recipi
544 942 587 1007 ad
607 943 792 1008 facultatem
812 954 978 1031 tamquam
998 941 1241 1025 baccalaureus,
1264 943 1429 1010 tenebitur
1452 955 1530 1010 ante
1547 947 1662 1029 omnia,

204 1049 220 1105 5
248 1049 419 1129 antequam
449 1042 641 1128 recipiatur,
669 1042 786 1108 docere
816 1041 856 1107 de
884 1066 940 1107 suo
969 1041 1217 1107 baccalaureatu
1244 1065 1303 1128 per
1330 1045 1529 1110 autenticam
1559 1066 1662 1127 suam3

246 1138 362 1205 deinde
383 1138 442 1205 sub
465 1139 572 1228 aliquo
593 1141 724 1207 doctore
746 1139 972 1207 determinabit
994 1143 1215 1229 quaestionem
1236 1142 1481 1227 medicinalem,
1503 1143 1661 1233 adquam

243 1239 454 1326 respondebit
483 1240 588 1305 eidem
621 1238 746 1306 doctori
772 1250 804 1305 et
836 1239 910 1306 aliis
937 1241 1117 1307 medicinae
1145 1239 1367 1307 baccalaureis
1402 1246 1452 1308 et¹
1484 1243 1661 1310 scolaribus

245 1361 383 1425 arguere
403 1339 595 1405 volentibus.

325 1471 406 1536 Item
427 1474 549 1539 iurabit
568 1473 800 1539 baccalaureus
820 1475 853 1537 in
874 1473 939 1539 alia
959 1474 1169 1538 universitate
1191 1483 1356 1558 promotus
1377 1473 1501 1540 decano
1531 1474 1661 1541 faculta-

206 1579 237 1634 10
248 1570 289 1635 tis
311 1571 490 1637 medicinae
512 1572 571 1637 sub
592 1573 654 1637 hac
673 1573 793 1637 forma:
820 1573 915 1659 „Ego
945 1573 995 1637 .N.
1022 1574 1093 1638 iuro
1121 1571 1215 1637 vobis
1243 1572 1366 1639 decano
1386 1575 1573 1662 vestrisque
1592 1598 1658 1640 suc-

244 1671 425 1736 caesoribus
449 1670 670 1736 obedienciam
693 1683 725 1736 et
745 1673 971 1737 reverenciam
993 1673 1026 1735 in
1048 1670 1145 1736 licitis
1166 1680 1197 1735 et
1218 1671 1371 1755 honestis,
1393 1682 1425 1737 et
1445 1673 1530 1737 velle
1552 1696 1662 1761 procu·

245 1791 319 1833 rare
341 1768 458 1836 bonum
478 1771 642 1837 facultatis
663 1770 805 1835 eiusdem
828 1772 877 1834 et²
899 1770 1088 1852 statuenda,
1116 1793 1200 1859 quae
1231 1779 1305 1836 sunt
1330 1780 1363 1836 et
1384 1781 1478 1837 erunt
1499 1796 1561 1859 pro
1581 1773 1663 1839 bono

246 1868 407 1934 facultatis
430 1870 612 1959 approbata
634 1870 684 1935 vel
707 1869 930 1957 approbanda,
953 1892 1012 1957 pro
1036 1892 1133 1956 posse
1160 1875 1247 1952 meo',
1277 1870 1321 1935 ad
1348 1893 1575 1960 quemcunque
1604 1883 1664 1938 sta·

248 1977 315 2033 tum
338 1968 507 2035 devenero.
551 1969 607 2036 Sic
627 1993 678 2034 me
698 1969 777 2033 deus
798 1967 930 2034 adiuvet
952 1978 983 2032 et
1005 1978 1119 2033 sancta
1139 1967 1191 2034 dei
1213 1969 1415 2056 evangelia.“

208 2110 238 2167 tt
333 2101 476 2168 Tenetur
503 2104 605 2169 eciam
638 2101 869 2167 baccalaureus
899 2101 977 2167 alibi
1010 2111 1193 2188 promotus,
1235 2105 1313 2190 quia
1343 2103 1479 2169 scolaris
1509 2113 1664 2186 censetur,

247 2199 433 2268 doctoribus
455 2202 600 2268 eiusdem
620 2201 784 2267 facultatis
805 2215 950 2288 tempore
970 2203 1159 2287 congruenti
1187 2212 1219 2266 ct
1245 2201 1317 2268 loco
1345 2202 1490 2268 debitam
1517 2225 1663 2269 reveren·

247 2301 330 2368 mam
352 2312 384 2368 et
404 2301 557 2369 honorem
578 2301 775 2390 impendere.

306 2506 354 2568 37.
383 2518 542 2569 srarurs
569 2518 797 2569 mcnucmros
825 2516 1032 2566 nxracusos
1054 2517 1279 2566 assensuros
1301 2518 1347 2567 an
1369 2518 1610 2567 rccunrsrsu

702 2618 892 2666 nnmerum
915 2600 1207 2666 concauunrcm.³

204 2757 239 2816 20
328 2751 533 2817 Licenciatus
555 2753 588 2816 in
610 2751 675 2816 alia
696 2751 904 2816 universitate
926 2759 1102 2838 promotus,
1126 2759 1313 2836 assumptus
1336 2748 1380 2813 ad
1403 2759 1548 2814 nostram
1569 2749 1662 2815 sacul-

246 2859 344 2914 tatem
367 2850 462 2915 huius
484 2850 591 2933 studii,
614 2849 705 2916 dabit
728 2846 813 2937 [10⁸]
836 2848 964 2913 famulis
985 2849 1205 2914 universitatis
1237 2848 1318 2913 duos
1344 2848 1487 2914 florenos
1517 2871 1664 2914 remenses

243 2958 389 3036 tempore
411 2973 489 3015 suae
506 2951 765 3038 assumpcionis3
807 2958 932 3013 tenetur
959 2949 1062 3012 eciam
1090 2946 1232 3032 probare
1262 2970 1321 3035 per
1344 2970 1435 3012 suam
1458 2950 1662 3029 autenticam,

245 3070 279 3112 se
301 3049 507 3114 licenciatum
531 3071 611 3131 esse,
634 3058 666 3113 ct
688 3051 874 3136 promittere
895 3049 986 3112 iuxta
1008 3047 1120 3132 priora
1143 3055 1273 3128 statuta,
1301 3045 1385 3111 velle
1406 3069 1589 3132 procurare
1609 3047 1662 3111 bo·

246 3170 321 3211 num
348 3148 512 3214 facultatis
540 3148 700 3230 medicae,
732 3148 774 3213 ad
799 3167 1018 3234 quemcunque
1046 3155 1164 3210 statum
1190 3146 1373 3228 devenerit,
1409 3155 1442 3211 et
1471 3145 1553 3227 alia,
1587 3169 1663 3232 quae

203 3255 443 3312 ticoncernunt
463 3248 617 3312 honorem
641 3257 672 3312 et
692 3246 809 3311 bonurn
835 3255 952 3310 statum
974 3243 1118 3309 eiusdem
1139 3244 1304 3309 facultatis
1332 3245 1429 3310 huius
1462 3245 1563 3310 studii
1592 3246 1662 3333 Lip-

245 3349 373 3428 zensis3
396 3346 541 3412 similiter
564 3348 782 3411 reverenciam
815 3344 937 3409 decano
962 3342 1158 3429 reliquisque
1186 3342 1374 3409 doctoribus
1404 3345 1572 3410 facultatis
1599 3345 1662 3410 loco

246 3454 277 3509 et
297 3455 441 3532 tempore
464 3447 653 3531 congruenti
674 3467 713 3509 ac
733 3444 875 3508 debitum
898 3443 1050 3507 honorem
1079 3452 1206 3507 tenetur
1236 3444 1441 3530 impendere3
1488 3444 1546 3510 sed
1579 3451 1614 3512 12
1634 3444 1660 3508 fl.

247 3545 340 3610 dabit
361 3544 555 3611 doctoribus.

246 3751 295 3813 38.
317 3762 475 3810 succure
496 3759 681 3808 coerceas
702 3760 796 3807 annu
818 3759 1005 3807 rnouoros
1026 3758 1070 3805 sn
1093 3759 1151 3807 mc
1175 3758 1403 3807 ussunaunos
1417 3760 1662 3825 aasrrcruncu,

205 3853 239 3909 30
373 3867 472 3929 quae
494 3843 576 3929 legi
606 3842 758 3906 debent
779 3852 958 3927 tempore
979 3842 1287 3927 assumpcionis
1310 3842 1546 3907 eorundem.

329 3995 499 4060 Promotus
521 3992 700 4057 medicinae
722 3991 834 4056 doctor
855 3993 889 4055 in
910 3991 975 4056 alia
996 3991 1216 4073 universitate,
1238 4000 1352 4077 petens
1372 3995 1531 4058 assummi
1560 3993 1602 4059 ad
1621 3994 1661 4057 f·

247 4094 397 4159 cultatem
420 4094 599 4158 medicinae
620 4092 713 4156 huius
738 4090 844 4172 studii,
868 4101 941 4155 ante
964 4091 1071 4154 omnia
1098 4089 1196 4154 debet
1224 4091 1416 4156 matriculae
1447 4094 1663 4158 universitatis

246 4216 317 4258 esse
338 4193 513 4280 inscriptus
535 4201 566 4256 et
588 4201 689 4256 totam
709 4192 897 4277 peccuniam
925 4190 1006 4255 solvi
1026 4199 1230 4271 consuetam,
1251 4199 1364 4277 utpute
1390 4192 1504 4257 decem
1527 4215 1663 4279 grossos,

245 4295 364 4357 rectori
386 4293 605 4356 universitatis
627 4290 772 4355 solvisse.
814 4288 880 4354 Sed
903 4296 939 4358 18
969 4288 999 4352 fl.
1011 4339 1019 4371 ,
1052 4311 1132 4375 quos
1164 4287 1218 4352 hic
1246 4312 1305 4376 pro
1333 4293 1487 4356 examine
1518 4291 1664 4372 dedisset,

204 4391 339 4457 sedabit
356 4391 550 4474 doctoribus,
570 4400 605 4455 ut
626 4392 749 4476 supra.⁴

329 4509 451 4574 Doctor
473 4507 661 4589 medicinae,
683 4517 848 4593 promotus
879 4506 912 4571 in
936 4503 1001 4568 alia
1030 4504 1240 4569 universitate
1267 4505 1414 4586 famosa,
1446 4507 1474 4571 si
1508 4506 1665 4573 desiderat

248 4611 348 4696 recipi
371 4608 413 4673 ad
435 4607 620 4672 facultatem
642 4606 830 4689 medicinae,
852 4605 1013 4692 principio
1035 4602 1131 4668 debet
1153 4603 1268 4670 docere
1290 4604 1332 4670 de
1346 4605 1522 4673 doctoratu
1540 4630 1596 4673 suo
1613 4629 1664 4694 per

334 4865 345 4913 l
363 4866 389 4912 ct
405 4857 481 4912 fehlt

331 4948 346 4996 ‘l
363 4943 401 4996 Es
418 4941 488 4996 fehlt
504 4941 575 4996 wohl
592 4957 701 4995 amare
717 4945 820 4994 stawles
836 4946 869 4992 et.

333 5033 348 5076 3
365 5025 551 5082 Geschrieben
570 5028 606 5079 ist
623 5031 816 5079 coccerrtcotca.

336 5114 352 5164 t
370 5110 468 5166 Dieser
484 5125 572 5181 gaure
588 5109 694 5164 Absatz
713 5109 749 5162 ist
767 5110 859 5176 spiiter
875 5104 1091 5162 durchstrichen.
