3810 6150
587 480 639 529 Die
656 479 774 530 Statuten
794 495 847 530 von
870 477 1046 531 rtet—1445.
1462 480 1522 544 317

476 664 503 726 3.
527 676 644 737 quoru
665 677 760 725 uorsa
783 677 896 725 comm
917 679 1011 725 rmru
1030 677 1157 724 unsar.

182 776 265 840 Item
295 773 400 839 nullus
433 777 662 861 magistrorum
696 777 864 863 disputans
903 778 1035 863 incipiet
1072 777 1269 840 exercicium
1303 776 1523 860 vespertinum

105 884 176 938 ante
200 874 316 939 horam
336 877 464 939 tertiam
491 875 541 939 vel
571 886 646 940 ante
673 876 800 963 pulsmn
823 875 1052 941 monachorum
1079 875 1319 962 predicatorum
1344 873 1387 938 ad
1412 897 1523 961 vespe-

104 996 165 1055 ras,
188 984 220 1038 et
233 973 338 1039 nullus
359 986 591 1040 conventorum
611 977 776 1061 permittat
792 975 916 1062 pulsari
937 976 980 1040 ad
997 997 1130 1039 coenam
1144 974 1195 1038 vel
1206 996 1338 1039 coenam
1359 971 1430 1037 fieri
1448 964 1525 1037 ante

105 1076 247 1158 quintam
272 1074 385 1138 horam
407 1076 440 1137 in
465 1073 564 1139 bursa
585 1073 637 1138 vel
664 1077 698 1138 in
726 1074 926 1140 habitatione
951 1097 1018 1155 sua,
1048 1073 1107 1138 sub
1129 1082 1273 1159 poenal
1295 1095 1482 1158 grossorum
1505 1095 1525 1136 a
1550 1083 1566 1137 5

105 1171 226 1237 decano
252 1172 415 1238 facultatis
437 1173 740 1258 extorquendorum,
770 1184 904 1261 propter
932 1174 1064 1237 nimiam
1086 1174 1291 1258 vagationem
1312 1173 1408 1236 nimis
1429 1171 1526 1257 longo

106 1281 249 1357 tempore
268 1284 342 1359 post
363 1295 496 1339 coenam
517 1272 695 1338 vitandam.

624 1598 675 1659 26·
702 1612 782 1661 Vom
800 1611 900 1660 Jahrs
921 1610 1006 1661 142³.

192 1730 218 1790 1.
244 1719 305 1810 [Bl.
327 1721 401 1812 tlh]
424 1723 519 1790 Anno
544 1724 665 1790 domini
685 1725 737 1790 Μ0
760 1723 993 1791 CCCCXXIII
1022 1724 1056 1788 in
1083 1722 1243 1787 decanatu
1264 1723 1412 1809 magistri
1434 1723 1528 1788 Nico-

105 1822 149 1888 lai
170 1821 328 1888 Schulteti
358 1822 398 1889 de
426 1823 695 1905 Frankenfordis,
723 1824 811 1888 facta
839 1822 936 1910 plena
961 1823 1215 1908 congregacione
1236 1825 1464 1907 magistrorum
1487 1824 1527 1889 de
1539 1834 1570 1889 10

107 1922 240 1988 consilio
272 1922 446 2006 facultatis,
474 1925 507 1987 in
537 1923 590 1988 die
620 1934 804 1990 sanctorum
832 1923 978 2010 Philippi
1004 1933 1036 1986 et
1063 1920 1174 1986 Iacobi
1203 1926 1300 1999 (1423
1320 1927 1376 1984 den
1400 1929 1425 1988 1.
1447 1927 1528 2004 Mai)

107 2021 293 2086 conclusum
315 2032 347 2087 et
368 2032 521 2087 statutum
543 2024 612 2104 fuit,
642 2023 727 2108 quod
749 2022 860 2087 decem
888 2024 1040 2103 seniores,
1065 2021 1100 2084 in
1119 2019 1342 2107 disputacione
1364 2021 1531 2089 ordinaria

107 2131 294 2208 praesentes
315 2124 400 2186 etin
423 2120 536 2187 ordine
563 2145 620 2187 suo
648 2130 830 2206 arguentes,
857 2132 924 2185 tam
953 2121 1008 2185 diu
1032 2118 1154 2184 ibidem
1182 2130 1417 2206 permanentes,
1443 2122 1530 2207 quod

108 2219 305 2306 praecedens
334 2230 367 2285 et
397 2243 533 2306 sequens
567 2221 763 2307 arguebant,
799 2223 826 2286 si
860 2220 973 2286 saltem
1006 2217 1252 2306 praecedentem
1282 2230 1314 2283 et
1346 2230 1531 2306 sequentem

108 2318 281 2384 habuerint
307 2318 403 2398 (alias
424 2330 492 2384 tam
514 2319 570 2384 diu
595 2319 739 2403 sedeant,
768 2321 855 2405 quod
882 2320 945 2386 duo
973 2318 1122 2404 magistri
1150 2327 1297 2402 arguant,
1317 2320 1356 2383 ‘si
1381 2319 1428 2384 ibi
1457 2332 1531 2385 sunt
1542 2332 1572 2386 lt

109 2419 258 2504 magistri
278 2439 416 2504 arguere
436 2418 591 2502 volentes,
619 2421 647 2484 si
669 2419 783 2485 saltem
803 2419 909 2486 locum
937 2416 1095 2505 arguendi
1115 2416 1236 2482 habere
1257 2420 1407 2504 possint),
1434 2419 1531 2484 habe-

111 2528 165 2581 ant
195 2539 253 2603 per
279 2516 361 2582 duos
390 2540 521 2603 grossos
552 2521 702 2608 antiquos
731 2518 879 2607 quilibet,
912 2541 992 2604 quos
1020 2517 1161 2582 decanus
1187 2515 1311 2581 eisdem
1339 2518 1450 2584 eodem
1480 2520 1532 2585 die

111 2616 359 2701 praesentabit¹

193 2720 221 2780 2.
249 2714 331 2779 Item
351 2716 384 2779 in
408 2715 522 2781 eadem
543 2718 799 2802 congregacione
819 2715 930 2782 eodem
952 2715 1005 2780 die
1027 2716 1213 2780 conclusum
1232 2715 1293 2780 fuit
1313 2724 1346 2780 et
1368 2710 1532 2801 statutum,

112 2811 198 2900 quod
218 2811 324 2878 nullus
346 2814 535 2879 admittatur
562 2816 601 2880 de
623 2838 706 2880 novo
734 2815 776 2880 ad
797 2815 965 2879 consilium
986 2814 1158 2897 facultatis,
1186 2803 1250 2878 nisi
1271 2816 1304 2879 in
1327 2819 1574 2882 consciencia20

112 2935 170 2976 sua
200 2910 303 2994 dicat,
333 2901 418 3000 quod
448 2936 602 3000 praesens
630 2916 663 2978 in
683 2914 745 2978 XL
768 2906 1046 3001 disputacionibus
1076 2913 1235 3000 arguebat
1255 2914 1307 2979 vel
1335 2917 1456 2980 tociens
1486 2916 1532 2981 ibi

111 3034 265 3098 praesens
286 3012 383 3077 fuerit
404 3025 436 3078 et
460 3012 567 3079 locum
596 3008 752 3100 arguendi
780 3013 902 3078 habere
927 3035 992 3078 uon
1019 3016 1131 3100 potuit
1173 3011 1270 3093 Quod
1295 3036 1360 3079 non
1390 3015 1533 3080 extendi·

112 3113 182 3176 tur²
202 3110 246 3178 ad
260 3110 404 3177 volentes
427 3113 512 3177 infra
532 3112 666 3177 alterurn
688 3111 856 3177 dimidium
877 3135 996 3176 annum
1016 3114 1139 3177 intrare
1157 3112 1354 3195 facultatem,
1374 3111 1432 3177 sed
1451 3111 1532 3178 tales

112 3212 145 3274 in
168 3204 380 3276 consciencia
393 3235 452 3276 sua
474 3212 592 3293 dicant,
622 3211 708 3298 quod
735 3214 769 3276 in
790 3212 994 3276 medietatem
1017 3210 1286 3298 disputacionum,
1313 3221 1388 3277 ante
1409 3224 1535 3300 tempus

115 3313 164 3375 sui
185 3311 335 3375 introitus
356 3310 399 3374 ad
421 3309 606 3375 facultatem
628 3312 834 3393 currentium,
856 3332 916 3397 pro
939 3333 1000 3398 quo
1022 3318 1209 3397 praesentes
1230 3321 1332 3393 erant,
1353 3312 1576 3398 arguebant25

114 3409 165 3474 vel
187 3412 310 3474 tociens
331 3409 379 3475 ibi
400 3420 587 3497 praesentes
608 3410 736 3474 fuerant
755 3421 787 3474 et
807 3409 912 3475 locum
936 3408 1094 3496 arguendi
1116 3408 1236 3474 habere
1256 3432 1323 3475 non
1342 3413 1514 3498 potuerint.

195 3547 225 3610 3.
253 3541 336 3607 Item
357 3543 471 3607 eodem
498 3542 561 3625 die,
588 3542 669 3625 loco,
696 3551 732 3608 ut
759 3565 880 3629 supra,
901 3541 1085 3609 conclusum
1112 3544 1171 3608 fuit
1197 3547 1228 3607 et
1255 3551 1424 3626 statutum,
1451 3544 1537 3632 quod

115 3640 220 3706 nullus
240 3639 497 3707 baccalariorum
519 3644 641 3707 arcium
662 3641 853 3707 admittatur
874 3641 916 3706 ad
936 3651 1133 3730 temptamen
1148 3634 1457 3728 magistrandorum,
1474 3645 1536 3709 nisi

117 3742 149 3805 in
171 3741 375 3806 consciencia
396 3763 455 3806 sua
475 3739 572 3823 dicat,
603 3741 688 3828 quod
709 3744 743 3805 in
764 3741 865 3805 XXX
885 3739 1163 3827 disputacionibus
1186 3741 1359 3807 ordinariis
1382 3765 1537 3828 praesens

117 3840 175 3905 fuit
201 3850 268 3904 tam
297 3841 361 3923 diu,
391 3841 492 3907 donec
520 3840 562 3905 ad
591 3843 696 3905 minus
726 3842 866 3927 quinque
894 3842 1042 3926 magistri
1063 3840 1260 3928 arguebant,
1290 3842 1318 3905 si
1349 3841 1462 3923 saltem
1489 3851 1579 3908 toteo

118 3950 190 4004 sunt
210 3938 256 4004 ibi
276 3941 425 4025 magistri
447 3950 634 4026 arguentes,
664 3939 749 4004 idem
771 3939 969 4026 intelligatur
990 3939 1030 4005 de
1053 3940 1264 4023 studentibus,
1291 3940 1474 4005 volentibus
1495 3940 1537 4005 ad

119 4037 254 4123 gradum
276 4037 514 4104 baccalariatus
534 4041 568 4103 in
590 4038 715 4104 artibus
737 4040 929 4126 promoveri
957 4038 1054 4120 Quod
1073 4063 1138 4106 non
1159 4039 1343 4104 extenditur
1365 4039 1407 4105 ad
1428 4039 1537 4105 volen-

119 4145 166 4201 tes
186 4138 250 4201 isto
272 4139 374 4203 ann0³
395 4140 590 4224 promoveri,
618 4137 676 4202 sed
701 4139 734 4200 in
762 4139 964 4204 consciencia
992 4161 1051 4204 sua
1073 4138 1192 4221 dicant,
1218 4138 1303 4226 quod
1330 4138 1537 4204 medietatem

120 4233 389 4322 disputacionum,
410 4247 484 4303 ante
497 4247 624 4324 tempus
646 4259 723 4302 suae
744 4239 960 4323 promocionis
977 4241 1182 4322 currentium,
1202 4261 1264 4326 pro
1276 4261 1338 4326 quo
1349 4248 1538 4326 praesentes

122 4345 221 4419 erant,
243 4357 308 4400 non
329 4336 540 4422 neglexerint.
1545 4347 1578 4404 35

200 4443 230 4502 4.
251 4436 332 4500 Item
357 4435 436 4502 nulli
465 4435 630 4522 sophistae
653 4444 842 4522 conputetur
862 4438 1030 4525 responsio
1051 4438 1218 4504 ordinaria
1239 4435 1290 4503 vel
1313 4436 1538 4502 extraordina-

120 4536 177 4619 ria,
203 4536 267 4600 nisi
287 4545 354 4599 tam
380 4534 436 4599 diu
461 4545 665 4621 permaneat,
695 4534 798 4600 donec
825 4558 936 4601 omnes
957 4539 1107 4623 magistri
1127 4537 1310 4624 arguebant
1328 4547 1360 4601 et
1380 4558 1476 4601 unam
1500 4537 1540 4602 de

120 4634 222 4701 tribus
248 4632 483 4721 principalibus
511 4632 777 4722 responsionibus
797 4634 948 4721 habebat,
976 4638 1040 4702 nisi
1068 4643 1111 4702 ex
1138 4637 1323 4703 necessaria
1347 4656 1445 4701 musa
1468 4659 1539 4700 eum

121 4737 209 4800 exire
233 4734 411 4820 oportebat

203 4973 214 5022 1
237 4967 278 5022 Ist
296 4967 341 5023 dia
358 4984 412 5021 von
430 4966 482 5020 mir
499 4969 622 5037 gesetate
639 4965 850 5035 Interpunction
869 4963 991 5037 richtig?
1062 5000 1064 5005 ,

202 5057 218 5108 2
238 5051 273 5106 D.
291 5050 316 5107 b.
338 5051 384 5105 for
399 5051 444 5106 die
461 5049 576 5105 ntchste
594 5051 656 5106 Zeit
674 5049 725 5104 soll
742 5051 821 5120 jenes
839 5048 934 5105 Statut
950 5050 1022 5106 noch
1039 5050 1118 5105 nicht
1135 5050 1165 5104 in
1181 5048 1266 5120 Kraft
1283 5054 1380 5108 treton.

202 5141 217 5192 3
238 5135 273 5190 D.
292 5135 320 5192 h.
338 5136 376 5190 im
393 5134 616 5206 gegenwitrtigen
635 5132 723 5189 Jahre
743 5134 794 5190 soll
812 5151 841 5190 es
858 5134 930 5190 noch
948 5132 1026 5191 nicht
1043 5130 1075 5190 so
1095 5129 1225 5208 gehalten
1244 5133 1361 5192 werden.

1784 4278 1852 4371 ιθ
