3756 6158
714 501 823 564 Einaigo
847 500 1110 554 Statatanradaction.
1561 504 1621 568 585

204 681 323 770 placet,
354 691 391 747 ut
419 681 525 747 nullus
557 681 709 771 deinceps
742 706 799 770 per
830 683 979 749 doctores
1014 683 1107 748 huius
1138 683 1299 749 facultatis
1333 683 1535 750 concorditer
1566 692 1622 748 aut

203 784 357 848 maiorem
386 791 511 869 partem
540 781 691 848 conclusa
718 793 842 848 mutare
870 792 926 848 aut
954 805 1064 847 eorum
1092 784 1311 849 executionem
1338 783 1496 873 impedire
1525 806 1621 871 prae·

204 892 324 963 sumat,
353 882 413 947 sub
435 905 542 970 poena
564 885 734 949 carenciae
760 883 1036 949 emolimentorum
1057 881 1152 948 huius
1179 881 1342 948 facultatis
1371 906 1429 970 per
1458 884 1534 948 anni
1563 884 1623 948 cir·

203 979 321 1046 culum.

246 1146 369 1213 Salvo
390 1149 477 1214 iure
501 1149 755 1235 corrigendi,
784 1147 1037 1229 emendandi,
1067 1146 1244 1215 addendi
1270 1159 1351 1230 etc,
1377 1159 1497 1235 prout
1520 1159 1582 1214 est
1648 1157 1665 1213 1

714 1250 833 1313 moris
856 1257 979 1334 atque
1001 1246 1120 1312 stili.¹

290 1529 335 1617 [S.
360 1526 409 1617 19]
437 1548 494 1595 xa.
536 1530 614 1617 Ipso
637 1529 689 1594 die
719 1529 866 1595 Marcelli
897 1552 981 1594 anuo
1008 1547 1173 1595 uoxxxru
1205 1529 1465 1614 concludebatur,
1495 1531 1625 1619 quoda

204 1627 493 1695 baccalaureandis
518 1631 643 1694 ratione
673 1629 802 1716 prandii
828 1628 947 1693 debent
973 1630 1062 1715 exigi
1084 1652 1104 1693 a
1125 1628 1268 1717 quolibet
1296 1632 1438 1718 quinque
1466 1632 1566 1712 aurai,
1594 1641 1625 1695 et

205 1731 285 1795 haec
307 1730 444 1815 pecunia
472 1728 572 1793 dividi
597 1728 692 1794 debet
713 1730 797 1794 inter
823 1738 1020 1815 praesentes,
1048 1729 1110 1792 nisi
1138 1730 1209 1815 quis
1231 1727 1444 1795 demandato
1468 1731 1627 1817 principia

205 1841 260 1895 aut
281 1827 478 1914 reipublicae
500 1851 599 1893 causa
620 1827 736 1893 absens
758 1829 826 1892 erit
1159 1879 1163 1886 .
1637 1839 1668 1894 10

289 1981 356 2028 xm.
397 1961 520 2026 Ultima
541 1961 652 2025 Martii
674 1984 758 2025 anno
781 1979 915 2025 unavln
943 1959 1128 2025 conclusum
1156 1970 1204 2025 est
1230 1983 1288 2047 per
1315 1962 1510 2046 facultatem,
1537 1972 1573 2027 ut
1593 1963 1626 2027 in

206 2075 374 2151 posterum
402 2061 509 2126 omnia
536 2060 751 2126 emolumenta
779 2063 1026 2147 promotionum,
1055 2063 1123 2125 aive
1151 2060 1267 2125 dentur
1294 2084 1353 2148 pro
1376 2060 1626 2149 dispensatione,

205 2166 275 2228 sive
296 2185 357 2250 pro
378 2163 537 2242 examine,
560 2162 628 2224 sive
650 2183 708 2247 pro
731 2159 869 2246 prandio
890 2160 941 2225 vel
963 2182 1004 2223 ex
1027 2181 1217 2247 quacunque
1238 2159 1303 2223 alia
1324 2182 1432 2242 causa,
1454 2162 1626 2232 commuui-

206 2272 317 2327 centur
338 2263 434 2326 etiam
457 2258 641 2325 doctoribus
665 2259 704 2324 de
726 2258 861 2324 oonsilio
889 2257 1063 2338 facultatis,
1093 2259 1147 2342 qui
1175 2267 1318 2343 tempore
1341 2269 1434 2324 actus
1458 2259 1625 2341 eiusmodi,

206 2363 430 2426 concernentia
455 2360 691 2446 promotionem
722 2359 864 2445 aliquam
892 2360 1109 2443 cuiuscunque
1131 2355 1262 2442 gradus,
1291 2367 1385 2422 extra
1405 2358 1519 2425 urbem
1543 2359 1627 2425 hano
1638 2370 1667 2424 15

206 2461 353 2547 Lipsiam
381 2458 530 2524 absentes
559 2459 693 2539 firerint,
724 2457 896 2523 dummodo
923 2455 1065 2521 habeant
1094 2454 1146 2519 hic
1173 2454 1369 2521 domicilium
1399 2458 1525 2547 sintque
1553 2468 1628 2524 actu

207 2569 355 2645 regentes
376 2567 408 2621 et
428 2559 466 2640 is,
493 2559 545 2622 cui
573 2557 714 2622 officium
744 2556 876 2645 aliquod
903 2557 1122 2643 promotionis,
1152 2557 1421 2641 praesentationis
1442 2556 1492 2622 vel
1520 2556 1627 2646 quale·

208 2680 332 2742 cunque
353 2656 532 2738 incumbat,
560 2680 618 2722 suo
642 2657 712 2722 loco
737 2656 911 2721 substituat
932 2655 1028 2720 alium
1052 2654 1213 2719 doctorem
1243 2654 1416 2737 facultatis,
1445 2659 1500 2743 qui
1520 2655 1556 2720 id
1574 2680 1629 2722 no·

208 2759 293 2823 mine
316 2780 372 2821 suo
394 2754 556 2843 expediat

684 2874 730 2919 ua
753 2872 883 2920 cauma
906 2871 1156 2918 raououoauu.
1637 2865 1671 2922 20

291 2991 372 3038 xan.
414 2970 539 3036 Eodem
560 2969 612 3035 die
634 2971 818 3037 conclusum
840 2983 889 3035 est
908 2993 968 3058 per
988 2968 1183 3051 facultatem,
1213 2980 1250 3034 ut
1272 2971 1468 3036 consuetudo
1491 2971 1547 3036 illa
1573 2971 1629 3037 ad·

207 3073 390 3154 notationis,
419 3093 501 3159 quae
529 3070 683 3136 hactenus
707 3069 881 3136 observata
902 3080 951 3133 est
972 3070 1055 3133 inter
1075 3091 1139 3150 eos,
1168 3070 1221 3155 qui
1242 3071 1402 3135 intersunt
1423 3073 1628 3158 promotioni,

208 3171 311 3259 quod²
338 3173 521 3259 proximam
551 3172 785 3257 promotionem
816 3179 1013 3257 sequentem,
1042 3190 1106 3232 non
1135 3167 1334 3254 praeiudicet
1362 3169 1547 3236 doctoribus
1576 3171 1630 3237 hic

207 3272 364 3359 promotis
387 3279 419 3334 et
439 3268 482 3335 ad
504 3267 671 3334 consilium
691 3268 854 3333 facultatis
877 3268 1026 3353 receptis,
1056 3267 1102 3330 ita
1131 3275 1180 3347 ut,
1212 3268 1239 3331 si
1262 3271 1436 3355 contingat,
1464 3292 1547 3352 euin,
1574 3272 1628 3356 qui

207 3371 355 3458 proxime
376 3369 519 3456 sequitur
540 3366 639 3451 illum,
662 3368 717 3453 qui
740 3369 773 3431 in
799 3367 1001 3455 promotione
1023 3366 1172 3452 proxima
1197 3369 1373 3452 praeterita
1394 3371 1540 3435 exercuit
1560 3370 1670 3435 offi-ae

208 3470 292 3534 cium
314 3466 455 3555 aliquod,
477 3468 596 3532 reverti
619 3477 693 3532 ante
715 3468 949 3554 promotionem
970 3464 1163 3551 proximam,
1184 3475 1219 3529 ut
1239 3468 1286 3531 ita
1309 3466 1395 3532 adsit
1414 3490 1452 3533 eo
1474 3478 1629 3556 tempore,

208 3591 272 3658 quo
294 3566 374 3632 ordo
396 3589 469 3631 eum
490 3567 609 3651 tangit,
636 3563 757 3630 nullum
780 3567 809 3630 ei
830 3589 872 3631 ex
893 3587 930 3630 eo
952 3564 1011 3627 liat
1037 3561 1283 3650 praeiudicium,
1314 3565 1401 3652 quod
1428 3566 1470 3632 ob
1490 3567 1575 3633 illius
1596 3571 1630 3634 in

207 3669 356 3756 proxime
385 3666 561 3753 praeterita
589 3666 789 3752 promotione
810 3665 990 3730 absentiam
1014 3684 1151 3746 sequena
1173 3684 1245 3728 eum
1267 3664 1299 3728 in
1328 3668 1528 3752 promotione
1555 3689 1629 3754 pro·

208 3768 295 3832 xime
318 3765 495 3853 praeterita
517 3765 662 3850 signatus
685 3776 743 3828 est.

295 4022 306 4070 1
328 4011 424 4068 Durch
450 4012 544 4067 diesen
567 4010 740 4066 Schluaasatz
764 4011 831 4064 vird
856 4011 924 4066 alles
943 4012 1175 4084 Voraufgehende
1201 4033 1235 4069 za
1259 4018 1334 4074 einer
1358 4019 1561 4089 gemeinaamen
1580 4021 1630 4077 aa

208 4099 320 4156 daction
337 4095 480 4152 derselben
497 4096 580 4150 Haud
598 4095 869 4166 zusammengefasat,
886 4094 930 4149 die
947 4113 1011 4150 man
1029 4114 1073 4150 am
1091 4098 1378 4157 wahrscheinlichaten
1396 4110 1476 4158 unter
1491 4104 1541 4158 das
1552 4104 1630 4160 Ordi-

207 4183 299 4238 nariat
317 4182 366 4237 dea
387 4179 445 4235 Ich.
467 4180 502 4235 de
523 4178 706 4234 Breitanbaeh
730 4180 764 4246 (c.
784 4179 859 4248 1504)
882 4185 959 4233 aetat.
996 4179 1059 4252 Vgl.
1079 4180 1214 4238 Urkundl.
1235 4184 1360 4257 Quellen,
1380 4203 1405 4243 a
1423 4205 1448 4241 a.
1467 4186 1499 4244 Ο.
1535 4187 1632 4243 Damit

208 4266 276 4322 abar
291 4266 328 4320 iat
343 4264 392 4320 der
408 4262 531 4320 Versuoh
549 4262 715 4334 keineswegs
739 4261 987 4333 zuriickgewieaen,
1010 4281 1044 4318 ιιι
1062 4266 1252 4336 untersucheu,
1273 4268 1309 4323 ob
1327 4269 1385 4323 sich
1405 4269 1631 4342 Anhaltspunkte

209 4349 302 4405 finden
319 4348 417 4416 laaaeu,
432 4348 478 4403 die
495 4345 723 4418 vorangehenden
737 4345 960 4417 Beatimmungen
979 4365 1014 4402 zu
1032 4348 1158 4419 zerlegen
1175 4350 1204 4404 in
1221 4351 1282 4406 eine
1299 4354 1516 4425 urspringliche,
1533 4355 1630 4411 tlteate

208 4433 363 4490 Redaction
388 4432 445 4486 und
475 4434 583 4502 aptttere
606 4431 765 4502 Nachtrttge
795 4430 843 4484 dca
871 4435 907 4484 15.
930 4429 1038 4500 lauru,
1065 4432 1110 4486 dia
1133 4432 1272 4490 vielleicht
1300 4436 1343 4491 bei
1368 4438 1418 4494 der
1441 4439 1627 4511 abennaligen

208 4517 362 4574 Redaction
381 4533 433 4570 nur
453 4514 567 4587 geringe
585 4515 816 4584 Umanderungen
834 4513 895 4583 (wie
911 4516 1094 4588 Fortlaaaung
1110 4517 1160 4572 der
1178 4518 1366 4592 Datierungen
1387 4540 1412 4577 ιι.
1431 4523 1468 4594 a)
1490 4521 1627 4579 erfuhren.

209 4601 243 4657 Iu
267 4599 427 4671 Beaiehung
449 4598 562 4655 hieraof
583 4600 707 4654 erinnara
732 4598 777 4653 ich
803 4617 826 4656 a.
852 4599 883 4653 B.
910 4615 946 4653 an
971 4600 1021 4654 das
1046 4598 1187 4655 mebrfaoh
1211 4603 1421 4661 vorkommende
1445 4609 1574 4675 decatero,
1599 4609 1630 4664 a'a

202 4692 340 4758 fleamus,
358 4701 414 4738 was
431 4691 509 4740 sonat
526 4682 721 4756 gemeiniglich
740 4682 858 4738 Zeichen
877 4683 952 4737 dues
972 4682 1187 4741 Zuaataartikela
1205 4703 1240 4740 ιιι
1257 4685 1315 4741 sain
1332 4686 1428 4762 pflagt.

240 4770 244 4779 ·
296 4767 531 4838 awonqaoaa
