3756 6158
246 473 307 537 220
815 475 871 526 Das
893 491 988 542 grosse
1007 475 1112 540 colleg.

247 653 446 740 praehensus
468 654 553 719 enim
581 665 636 721 aut
661 657 733 743 ipse
762 667 819 722 aut
847 658 898 722 cui
925 656 980 721 ille
1008 656 1192 731 famulabar,
1218 664 1342 720 tantum
1374 655 1493 737 solvet,
1522 665 1672 744 quantum

247 752 451 840 praepositus
475 764 531 817 aut
554 765 684 820 curator
713 779 831 821 caussa
859 757 990 842 cognita
1018 757 1158 821 iusserit.
1203 752 1329 835 Quodsi
1356 755 1391 818 in
1418 755 1534 820 eodem
1561 757 1674 820 itonam

249 851 366 918 delicto
387 851 487 917 fuerit
507 851 761 939 depraehensus,
784 854 828 919 ad
848 853 1003 920 iudicium
1024 854 1153 940 collegii
1173 875 1227 919 res
1248 852 1424 918 deferatur.

855 1019 969 1090 Caput
985 1017 1052 1074 1111.

202 1161 218 1216 ⁵
677 1172 955 1233 rumoummrss
976 1174 1021 1220 nr
1045 1170 1242 1219 smnumun.

326 1282 437 1350 Movet
465 1307 584 1370 graves
614 1286 680 1351 iras
710 1309 941 1377 saepenumero
968 1297 1001 1353 et
1031 1283 1168 1351 acerbas
1190 1285 1402 1370 cogitationes
1431 1281 1618 1348 turbulenta
1645 1294 1674 1347 et

244 1383 474 1470 intempestiva
496 1383 700 1451 tumultuatio
715 1385 768 1451 vel
787 1389 876 1452 inter
895 1409 960 1470 eos,
983 1387 1039 1471 qui
1061 1382 1173 1449 eodem
1193 1385 1227 1448 in
1246 1383 1317 1449 loco
1337 1382 1391 1447 vel
1410 1383 1467 1471 qui
1488 1383 1521 1447 in
1545 1382 1674 1469 propin·

245 1504 307 1567 quo
328 1480 485 1565 habitant,
508 1481 563 1547 ubi
585 1506 745 1550 memores
761 1508 832 1551 esee
850 1486 1019 1574 coeperint
1033 1483 1233 1549 clarissimae
1254 1480 1340 1547 illius
1361 1481 1556 1546 sententiae:
1580 1479 1673 1562 Quod

247 1582 307 1646 tibi
333 1604 399 1646 non
419 1581 470 1645 vis
503 1581 583 1665 fieri,
616 1581 710 1650 alteri
740 1607 781 1648 ne
810 1585 937 1650 feceris.
979 1582 1106 1649 Idcirco
1139 1590 1250 1647 monet
1282 1578 1469 1666 collegium,
1502 1590 1549 1663 ut,
1581 1601 1674 1667 quam

206 1682 388 1746 tumaxime
411 1689 533 1767 potest,
559 1683 712 1768 strepitus
733 1676 852 1769 pedum
871 1693 929 1749 aut
954 1703 1063 1747 rerum
1091 1682 1227 1766 agitatio
1256 1700 1365 1766 supra,
1392 1678 1489 1762 infra,
1509 1678 1546 1743 in
1568 1676 1674 1766 gradi·

246 1779 316 1861 bus,
346 1788 421 1845 ante
447 1780 573 1862 ianuas,
601 1780 635 1844 in
666 1783 772 1864 ostiis,
801 1791 899 1848 noctu
931 1782 1073 1846 omnium
1102 1781 1244 1844 maxime
1275 1786 1438 1855 caveatur,
1467 1775 1672 1865 declaratque

245 1879 462 1965 unusquisque
482 1880 582 1943 animi
603 1880 653 1943 sni
673 1889 712 1945 et·
725 1902 853 1946 morum
875 1901 1035 1945 summam
1044 1878 1237 1946 modestiam
1257 1880 1338 1965 ipse,
1352 1875 1503 1962 idemque
1518 1874 1555 1942 id
1569 1875 1674 1942 facere

246 1974 310 2064 [43]
334 1988 431 2062 cogat
451 1976 628 2063 discipulos
651 1988 683 2043 et
703 2002 780 2045 suae
801 1981 957 2066 potestati
977 1979 1175 2044 commissos.
1222 1975 1319 2059 Quod
1347 1977 1376 2041 si
1405 1998 1425 2040 a
1450 1975 1563 2042 vicino
1588 1975 1671 2063 quis·

247 2078 334 2163 piam
355 2076 453 2141 semel
474 2089 570 2164 atquc
591 2077 708 2143 iterum
727 2088 860 2165 rogatus
881 2076 944 2143 sibi
961 2100 1026 2144 non
1047 2077 1288 2163 temperaverit,
1310 2075 1560 2162 castigationem
1580 2095 1671 2161 prae·

208 2176 346 2261 tepositi
367 2183 408 2257 et,
431 2177 459 2240 si
481 2198 563 2262 opus
585 2177 637 2259 sit,
659 2176 867 2242 arbitrariam
890 2200 911 2243 a
933 2175 1067 2262 collegio
1090 2197 1228 2262 poenam
1250 2173 1432 2241 sustinebit.

329 2271 446 2338 Musici
479 2283 592 2339 cantus
623 2284 690 2340 tam
721 2278 812 2341 vocis
845 2298 943 2362 quam
976 2296 1172 2362 organorum
1202 2272 1445 2362 usurpabuntur
1475 2270 1671 2359 temporibus

248 2374 440 2458 opportunis
460 2373 584 2460 absque
605 2373 785 2440 studiorum
805 2372 997 2440 detrimento
1019 2382 1052 2439 et
1072 2371 1421 2439 aliorum‘offcnsione.
1659 2452 1662 2457 .

329 2471 368 2535 In
397 2470 525 2557 collegii
556 2472 693 2538 aedibus
719 2472 841 2561 ubique
872 2473 1017 2538 locorum
1044 2483 1112 2539 tam
1142 2473 1230 2537 intra
1261 2470 1429 2536 conclavia
1457 2490 1558 2556 quam
1585 2477 1676 2535 extra

246 2570 327 2634 haec
354 2571 447 2635 etin
475 2592 554 2636 area
579 2570 712 2637 honeste
740 2572 865 2637 versari
896 2593 1007 2638 omnes
1039 2570 1148 2654 decet,
1176 2579 1209 2636 et
1236 2568 1316 2655 quid
1345 2569 1407 2635 hac
1433 2568 1470 2633 in
1496 2577 1594 2656 parte
1623 2567 1677 2634 fist

205 2667 533 2735 somimadvertsun.
576 2670 742 2737 Clamores
776 2670 906 2758 quidem
937 2670 1114 2736 insolentes
1146 2681 1178 2734 et
1208 2671 1349 2734 rusticas
1377 2667 1631 2735 vociferationes
1659 2689 1675 2731 e

246 2768 407 2850 fenestris,
435 2767 701 2853 gesticulationes
722 2778 755 2833 et
775 2779 880 2835 motus
908 2768 1079 2836 indecoros
1107 2779 1204 2857 atque
1230 2767 1318 2834 dicta
1340 2768 1451 2854 turpia
1472 2774 1505 2831 ct
1524 2764 1676 2854 quicquid

184 2952 187 2957 ἱ
248 2864 434 2932 huiusmodi
452 2889 569 2933 nomen
590 2866 719 2956 collegii
743 2868 939 2935 dedecorare
966 2878 1086 2955 potest,
1115 2870 1163 2934 sic
1185 2875 1342 2949 vetamus,
1369 2875 1405 2931 nt
1423 2865 1481 2954 qni
1502 2863 1606 2932 semel
1623 2863 1675 2931 ad·

247 2965 386 3030 monitus
407 2988 471 3031 non
492 2966 661 3051 destiterit,
686 2962 820 3033 dimidio
842 2966 957 3033 florino
978 2965 1030 3032 vel
1052 2967 1190 3054 amplius
1212 2965 1371 3031 multetur.

329 3062 479 3130 Maxime
500 3087 580 3131 vero
609 3076 737 3134 noctem
765 3065 914 3131 volumus
944 3086 1017 3130 cum
1048 3067 1155 3153 quiete
1181 3062 1294 3153 (quam
1315 3062 1364 3129 illi
1383 3071 1504 3128 natura
1525 3063 1670 3150 assigna-

204 3161 309 3250 cavit)
335 3172 367 3227 et
394 3185 517 3230 summo
545 3163 670 3231 silentio
696 3165 842 3251 transigi.
883 3164 979 3229 Hanc
1004 3164 1059 3253 qui
1086 3163 1265 3251 perturbat,
1291 3161 1425 3227 multam
1447 3161 1545 3226 unius
1565 3160 1673 3228 florini

246 3262 299 3328 vel
329 3260 469 3348 amplius
502 3285 561 3350 pro
593 3263 702 3330 delicti
729 3262 953 3351 magnitudine
982 3261 1167 3349 dependito.
1209 3261 1275 3342 Qui
1298 3262 1334 3326 in
1359 3259 1422 3326 hoc
1448 3282 1571 3347 genere
1600 3258 1676 3325 dcli·

247 3362 354 3450 querit
373 3362 499 3444 iterum,
518 3361 668 3449 duplum3
697 3364 753 3451 qui
772 3362 878 3446 tertio,
901 3384 919 3427 e
943 3360 1078 3448 collegio
1099 3360 1292 3444 excluditur,
1321 3360 1448 3427 etiamsi
1468 3356 1526 3423 ille
1546 3356 1676 3424 bacula-

249 3463 316 3525 rius
339 3468 395 3524 aut
415 3463 572 3546 magister
591 3461 697 3528 fuerit

331 3555 375 3644 [S.
392 3555 444 3644 44]
466 3559 595 3625 Nemini
621 3568 793 3647 praeterea
819 3559 917 3625 licere
943 3558 1039 3623 debet
1060 3557 1148 3623 alere
1168 3558 1320 3623 molestos
1343 3557 1480 3622 caeteris
1501 3577 1602 3622 canes
1623 3565 1677 3621 aut

206 3657 388 3746 ³0quodvis
406 3656 526 3724 animal
546 3659 663 3724 vicinis
682 3680 793 3745 grave,
816 3667 848 3722 et
865 3656 928 3723 hac
944 3659 979 3722 in
998 3666 1092 3743 parte
1106 3658 1257 3722 convenit
1276 3679 1356 3723 suae
1367 3655 1530 3742 voluptati
1550 3652 1675 3721 frenum

248 3759 422 3844 imponere.

875 3851 993 3922 Caput
1008 3852 1043 3907 V.

709 4004 884 4053 cusroom
903 4005 949 4052 nr
972 3992 1062 4053 cuna
1084 4004 1218 4053 remon.

331 4120 412 4200 Quis
438 4120 554 4201 nescit,
583 4121 677 4184 unius
699 4141 798 4206 saepe
817 4106 929 4206 ignavi
951 4130 1007 4185 aut
1028 4119 1174 4185 socordis
1195 4118 1335 4183 hominis
1361 4114 1565 4202 negligentia
1591 4117 1676 4182 incn-

207 4221 341 4286 ³5riave
362 4228 418 4283 aut
443 4216 629 4304 improvida
650 4220 845 4284 tractatione
871 4229 956 4284 totas
985 4240 1083 4305 saepe
1102 4218 1239 4283 vicinias
1269 4214 1497 4281 miserabiliter
1525 4212 1676 4280 incendio

249 4316 456 4402 deflagrare?
498 4315 708 4382 Obtestamur
735 4319 846 4404 itaque
867 4339 977 4382 omnes
1007 4327 1039 4381 et
1066 4316 1221 4402 singulos,
1247 4323 1283 4380 ut
1302 4316 1368 4401 ipsi
1386 4315 1531 4401 primum
1551 4314 1676 4379 omnam

246 4415 405 4484 incendiis
436 4416 606 4479 materiam
641 4421 738 4502 (quae
767 4426 816 4480 est
846 4416 1038 4480 straminum
1066 4415 1235 4502 congeries
1262 4436 1324 4478 nec
1350 4434 1416 4478 non
1443 4411 1608 4498 lignorum
1635 4409 1676 4495 ad

248 4515 364 4582 ostiola
385 4516 563 4595 fornacum,
585 4514 727 4599 itemque
748 4513 903 4580 candelae
925 4513 968 4579 ad
988 4513 1092 4580 latera
1110 4514 1272 4601 parietum
1286 4514 1356 4578 sive
1369 4519 1529 4576 tectorum
1542 4509 1675 4589 affixae)

248 4613 363 4679 tollant
384 4622 416 4679 et
435 4621 600 4693 avertant3
623 4610 739 4677 deinde
761 4622 793 4677 ct
813 4615 923 4700 pueris
945 4613 1029 4679 hanc
1041 4635 1151 4679 curam
1174 4611 1289 4678 crebro
1312 4613 1360 4677 sic
1380 4609 1552 4693 inctdcent,
1573 4619 1611 4676 nt
1628 4616 1677 4674 ast

206 4722 308 4778 losua
334 4712 451 4797 cuique
471 4714 540 4775 vita
565 4720 597 4775 et
620 4711 708 4776 salus
730 4712 935 4805 omniumque
960 4733 1070 4777 rerum
1098 4712 1305 4799 privatarum
1327 4708 1535 4775 incolumitas
1556 4718 1589 4775 et
1608 4716 1677 4774 tota

247 4808 433 4896 respublica
454 4809 555 4875 cordi.
596 4810 687 4876 Neve
707 4809 794 4875 hanc
814 4832 883 4876 rem
904 4810 1020 4876 leviter
1042 4820 1098 4876 aut
1119 4808 1286 4896 pueriliter
1308 4809 1505 4872 existiment.
1547 4807 1672 4894 Aquam

187 4894 192 4907 ⁸
248 4917 418 4996 praeterea
444 4929 504 4994 per
524 4907 593 4972 dies
616 4917 648 4972 et
673 4917 784 4974 noctes
811 4910 846 4973 in
872 4909 1000 4996 hydriis
1024 4919 1056 4999 ct
1076 4909 1176 4990 vasis,
1205 4906 1249 4972 ad
1277 4907 1401 4994 primos
1427 4906 1569 4992 impetus
1594 4905 1673 4972 forte

249 5008 429 5072 enascentis
457 5006 609 5072 flammae
630 5006 876 5091 extinguendos,
903 5009 937 5072 in
963 5006 1122 5072 cubiculis
1153 5007 1220 5070 suis
1250 5016 1282 5070 et
1307 5006 1340 5070 in
1355 5014 1499 5090 ‘promtu
1525 5003 1670 5071 babeant

248 5106 287 5170 In
308 5104 359 5169 his
381 5104 478 5169 rebus
500 5105 648 5170 omnibns
670 5106 853 5190 quicunque
873 5105 1042 5192 negligens
1063 5115 1094 5171 et
1115 5113 1291 5171 contumax
1311 5112 1460 5190 repertus
1481 5101 1589 5186 luerit,
1610 5098 1671 5189 [lb]
