3756 6158
252 491 292 552 26
704 491 754 540 Die
772 492 953 542 Reformation
972 507 1032 541 vom
1050 491 1133 541 Jahrs
1155 496 1226 540 1496.

251 677 387 753 gantur,
413 669 455 734 ad
477 670 705 757 requirendum
728 673 885 738 decanum
906 695 966 758 pro
990 681 1136 758 tempore
1159 674 1367 755 existentem,
1397 683 1434 738 ut
1453 672 1513 738 tali
1535 673 1677 740 defectui

252 768 305 832 vel
324 771 472 834 excessui
488 793 546 856 per
560 771 647 856 piam
663 771 920 837 admonicionem
940 771 993 834 vel
1007 792 1132 858 poenae
1145 769 1395 858 impositionem,
1418 774 1446 837 si
1467 795 1549 860 opus
1569 773 1676 859 fucrit,

251 870 506 955 quamprimum
529 880 687 934 occurrat.
732 870 857 950 Quodsi
880 870 1023 934 decanus
1049 871 1224 957 requisitus
1254 871 1352 935 fucrit
1374 881 1407 936 et
1426 872 1609 959 neglexerit
1628 873 1675 937 fa·

251 989 324 1031 cere
345 978 401 1032 aut
421 970 640 1051 recusaverit,
674 979 784 1034 carcat
806 971 908 1034 tercia
936 979 1030 1054 parte
1059 971 1109 1033 sui
1138 968 1279 1053 sellarii,
1308 993 1405 1058 quam
1435 980 1675 1058 computatores

225 1067 302 1130 5sui
324 1067 429 1132 eidem
450 1078 595 1155 tempore
616 1069 870 1155 computacionis
893 1090 970 1132 suae
999 1067 1162 1133 defalcare
1192 1069 1324 1152 debent,
1354 1069 1413 1135 sub
1436 1093 1542 1157 poena
1563 1092 1677 1137 caren-

253 1166 318 1231 tiae
340 1179 414 1231 actu
434 1171 600 1254 regentiae
622 1191 682 1255 per
702 1169 1016 1253 integrum‘annum.

469 1370 518 1432 30.
545 1384 592 1430 ns
613 1383 837 1433 uxscursoxs
859 1384 928 1431 sss
947 1382 1115 1432 nscsxuu
1137 1381 1238 1432 cuscs
1257 1383 1455 1434 rsussusss.

334 1511 491 1578 Volumus
512 1520 543 1576 et
564 1511 760 1596 ordinamus,
784 1514 872 1602 quod
893 1513 1034 1579 decanus
1056 1515 1090 1577 in
1110 1513 1257 1578 omnibus
1279 1523 1311 1578 et
1332 1512 1469 1600 singulis
1491 1516 1675 1604 praescrip·

251 1614 293 1675 tis
325 1634 451 1677 necnon
474 1609 547 1676 aliis
580 1612 707 1676 statutis
730 1621 763 1675 et
785 1612 954 1695 conclusis,
979 1614 1014 1676 in
1034 1610 1119 1676 libro
1145 1611 1310 1677 facultatis
1331 1613 1449 1678 artium
1471 1616 1678 1701 conscriptis,

211 1721 242 1775 10
253 1709 440 1796 diligentem
461 1710 561 1774 faciat
585 1719 617 1774 et
636 1710 744 1775 facere
766 1710 863 1776 debet
883 1712 1116 1794 executionem,
1139 1710 1199 1776 sub
1221 1712 1676 1798 poenaprivatiouisterciae

249 1811 353 1897 partis
376 1810 426 1874 sui
449 1808 587 1892 sellarii,
617 1819 714 1896 prout
736 1811 769 1873 in
791 1810 941 1897 proximo
970 1810 1106 1875 articulo
1134 1809 1240 1875 lucide
1269 1811 1515 1877 continetur·et
1540 1821 1591 1877 est
1618 1835 1674 1878 ex·

248 1931 406 1996 pressum.

551 2112 600 2174 31.
623 2126 669 2173 nu
691 2125 915 2195 sxncumcuu
937 2125 1075 2174 omerus
1095 2123 1377 2174 sussnlcrosuu.

332 2257 494 2338 Quoniam
523 2277 639 2342 parum
673 2254 725 2318 vel
767 2255 868 2321 nichil
902 2255 1083 2321 conducere
1119 2252 1248 2319 videtur
1254 2303 1263 2336 ,
1296 2255 1325 2319 si
1358 2255 1447 2342 leges
1484 2265 1518 2321 et
1553 2254 1708 2343 statuta:¹

211 2368 241 2422 15
251 2356 374 2444 absque
397 2356 586 2421 executione
611 2353 804 2436 condantur,
827 2357 992 2442 cupientes
1013 2354 1114 2438 igitur
1135 2351 1222 2416 hanc
1243 2363 1404 2437 nostram,
1432 2378 1542 2441 ymmo
1562 2360 1674 2423 v'e'rius

249 2457 539 2522 illustrissimorum
561 2455 764 2521 dominorum
785 2455 984 2541 principum,
1014 2451 1167 2517 videlicet
1195 2452 1324 2523 domini,
1338 2452 1465 2519 Alberti
1488 2465 1519 2519 et
1537 2457 1586 2521 sui
1609 2459 1674 2543 pri-

248 2556 413 2642 mogeniti,
434 2554 556 2619 domiui
580 2553 725 2639 Georgii,
747 2552 866 2617 ducum
887 2552 1052 2617 Saxoniae
1073 2561 1132 2616 etc.
1155 2550 1361 2617 fundatorum
1389 2548 1494 2619 almae
1516 2556 1675 2620 universi·

248 2657 324 2720 tatis
347 2654 446 2720 studii
458 2654 660 2740 Lipzcensis,
683 2655 718 2717 in
732 2651 880 2716 omnibus
900 2651 1028 2737 punctis
1052 2660 1084 2714 et
1106 2650 1252 2715 articrulis
1274 2650 1469 2738 supradictis
1492 2662 1523 2716 ct
1536 2651 1620 2737 aliis,
1641 2657 1675 2720 in

249 2754 342 2820 libris
369 2763 562 2818 statutorum
590 2751 812 2818 universitatis
839 2749 945 2814 dictae
972 2759 1004 2814 et
1025 2748 1188 2814 facultatis
1218 2751 1337 2815 artium
1365 2753 1541 2837 expressis,
1564 2753 1674 2818 incon·

208 2864 345 2919 tocusse
366 2852 549 2935 observari,
572 2852 758 2917 ordinamus
779 2858 876 2936 atque
899 2850 1068 2913 statuimus
1096 2850 1130 2911 in
1159 2848 1274 2914 horum
1303 2850 1445 2914 omnium
1472 2859 1504 2914 ct
1534 2851 1674 2938 singulo·

249 2976 321 3018 rum
342 2962 530 3017 executores
553 2960 690 3038 quatuor
712 2949 862 3013 doctores
885 2956 940 3011 aut
967 2948 1158 3032 magistros,
1187 2947 1227 3012 de
1249 2947 1393 3036 qualibet
1413 2949 1544 3014 natione
1565 2974 1673 3037 unum,

248 3051 428 3138 profectum
460 3050 681 3115 universitatis
717 3047 823 3111 dictae
852 3045 1060 3130 diligentem,
1082 3069 1148 3111 uua
1179 3068 1253 3111 cum
1285 3055 1411 3112 rectore
1433 3048 1578 3114 eiusdem
1605 3053 1674 3117 uni-

246 3151 422 3215 versitatis.
471 3148 597 3229 Quibus
627 3147 822 3212 coniunctim
850 3155 882 3209 ct
908 3144 1039 3210 divisim
1066 3147 1101 3209 in
1131 3144 1280 3211 omnibus
1309 3147 1438 3232 punctis
1465 3155 1497 3211 et
1529 3149 1674 3215 articulis

251 3250 345 3315 dictis
366 3247 460 3312 uobis
484 3246 526 3311 ab
547 3246 728 3333 apostolica
750 3245 826 3310 sede
849 3244 1046 3330 exequendi,
1078 3245 1216 3330 cogendi
1239 3267 1278 3310 ac
1299 3246 1333 3309 in
1354 3267 1477 3332 poenas
1499 3246 1674 3315 exedentes

206 3340 429 3435 25recipiendi
449 3354 643 3432 potestatem
666 3368 854 3411 concessam
876 3343 1056 3430 plenariam
1078 3343 1284 3409 concedimus
1299 3345 1527 3409 auctoritatem
1547 3356 1579 3410 et
1600 3347 1674 3412 sub·

248 3446 435 3533 delegamus
462 3467 520 3531 per
552 3455 751 3530 praesentes.
801 3443 860 3525 At,
892 3465 933 3506 ne
959 3440 1128 3527 pluralitas
1158 3441 1346 3529 plerumque
1380 3441 1495 3508 horum
1531 3447 1673 3511 omnium

247 3546 430 3612 executioni
450 3544 575 3608 discors
599 3545 642 3607 sit
663 3552 695 3607 et
715 3542 945 3630 impedimento
967 3543 1076 3628 sicque
1098 3541 1184 3629 quod
1211 3540 1359 3627 pluribus
1388 3543 1603 3608 committitur
1632 3545 1674 3610 ab

246 3644 394 3711 omnibus
415 3642 554 3708 faciliter
575 3642 779 3728 negligatur,
801 3641 939 3727 ideoque
961 3641 995 3704 in
1018 3639 1175 3726 speciales
1197 3639 1312 3704 horum
1343 3641 1485 3705 omnium
1508 3651 1540 3706 et
1563 3645 1672 3729 singu·

245 3745 351 3810 lorum
374 3752 563 3808 executores
585 3751 616 3805 et
635 3740 803 3827 neglectae
826 3740 1082 3806 conservationis
1103 3740 1312 3828 inquisitores
1334 3739 1522 3804 ordinamus
1545 3750 1577 3805 et
1598 3764 1674 3807 ccu-

204 3843 427 3909 30stituimus:
461 3842 625 3907 dominum
654 3850 813 3905 rectorem
840 3840 874 3902 in
904 3837 1052 3903 omnibus
1084 3838 1417 3926 superintendentem,
1449 3840 1484 3903 in
1509 3839 1674 3928 theologia

245 3939 396 4005 videlicet
418 3951 449 4005 et
469 3939 632 4004 medicina
653 3940 797 4002 seniores
820 3936 995 4002 earundem
1023 3937 1212 4003 facultatum
1240 3936 1423 4003 ordinarios
1448 3936 1605 4022 lectores,
1639 3942 1672 4006 in

249 4040 390 4106 iuridica
422 4040 586 4104 dominum
616 4036 816 4102 ordinarium
843 4058 908 4101 uua
937 4057 1009 4099 cum
1042 4036 1114 4101 aliis
1143 4037 1331 4103 doctoribus
1358 4038 1468 4104 dictae
1497 4037 1673 4124 facultatis,

246 4150 403 4228 quatenus
426 4138 473 4204 illi
495 4136 701 4222 singulariter
722 4146 754 4199 ct
776 4135 960 4221 specialiter
983 4136 1042 4200 sub
1074 4137 1285 4201 conscienciis
1313 4159 1424 4203 corum
1452 4137 1493 4201 de
1509 4136 1673 4204 'omnibus

245 4248 276 4303 et
299 4238 450 4324 singulis,
471 4247 624 4324 utquam
647 4235 892 4321 diligentissime
915 4233 1145 4319 observentur,
1173 4238 1342 4324 requirant
1372 4247 1468 4323 atque
1495 4237 1673 4304 secundum

203 4348 439 4403 35statutoru1n
461 4336 707 4422 dispositionem
726 4343 877 4399 accurate
899 4334 1182 4418 superintendant,
1205 4337 1380 4422 praecipue
1399 4335 1599 4401 infacultate
1621 4359 1671 4402 ar·

243 4438 323 4500 tium
349 4435 480 4500 casdem
506 4435 594 4499 vices
625 4445 699 4521 post
720 4442 879 4499 rectorem
898 4433 1135 4515 universitatis,
1164 4433 1219 4520 qui
1240 4434 1275 4497 in
1296 4433 1445 4499 omnibus
1469 4437 1670 4521 superinten-

248 4534 324 4598 dere
346 4534 460 4615 debat,
481 4533 607 4598 duobus
630 4532 812 4598 senioribus
835 4531 875 4596 de
897 4531 1031 4597 consilio
1055 4531 1198 4597 eiusdem
1232 4531 1407 4598 sallariatis
1434 4536 1602 4619 magistris
1629 4536 1673 4601 ad

247 4635 349 4697 instar
373 4632 614 4719 praedictorum
649 4633 771 4695 seriose
792 4632 1004 4716 iniungimus,
1037 4642 1072 4695 ut
1098 4640 1307 4715 statutorum,
1330 4632 1518 4697 facultatem
1548 4635 1669 4699 artium

246 4732 463 4816 tangentium,
485 4730 572 4794 nullo
595 4740 691 4816 pacto
714 4729 908 4794 dissimilent
927 4729 999 4793 fieri
1020 4733 1328 4816 transgressionem,
1357 4733 1434 4818 quin
1460 4754 1536 4817 ymo
1559 4734 1672 4819 pocius

203 4831 384 4897 toaliorum
407 4830 580 4916 implorata
601 4830 786 4894 assistentia
809 4828 966 4892 decanum
986 4829 1150 4895 facultatis
1170 4833 1289 4896 artium
1313 4829 1487 4916 diligenter
1505 4833 1674 4919 requirant

246 4952 285 4994 ac
307 4950 479 5016 proposse
499 4928 543 4992 ad
566 4928 628 4992 hoc
649 4926 854 5013 compellant,
876 4935 911 4989 ut
931 4928 1040 4992 omnia
1061 4930 1153 4994 iuxta
1172 4930 1354 5015 praefatam
1375 4930 1621 5017 dispositionem
1642 4941 1674 4996 et

246 5027 482 5093 ordinationem
505 5037 582 5110 agat
607 5024 667 5090 sub
692 5048 797 5113 pocna
826 5028 1047 5113 suspensionis
1074 5026 1116 5092 ab
1144 5028 1367 5112 emolimentis,
1390 5020 1672 5117 quocienscunque

246 5126 288 5191 de
308 5123 573 5207 dissimilatione,
599 5124 798 5210 negligentia
820 5133 874 5188 aut
895 5127 1060 5191 contraria
1081 5127 1320 5192 machinatione
1346 5151 1406 5215 per
1430 5150 1491 5193 nos
1519 5135 1577 5192 aut
1598 5149 1671 5193 exe·
