3756 6158
247 482 308 548 536
742 477 793 532 Die
811 479 1031 547 philosophisclrc
1047 478 1174 530 asculus.

246 665 380 752 quisque
400 651 667 745 decano'offeret,
691 673 722 728 et
744 662 785 727 ab
807 661 862 727 illo
885 661 1099 750 approbatam
1120 663 1167 727 ita
1195 662 1345 748 proximo
1375 671 1450 726 ante
1478 658 1669 748 disputatio·

247 785 320 827 nem
348 761 400 826 die
426 760 554 848 publice
580 774 748 849 proponet.
791 762 901 828 Tertio
934 770 1081 827 tenentur
1112 760 1270 826 bacularii
1303 762 1384 826 iussi
1411 762 1446 825 in
1473 761 1669 847 vespertinis

246 864 343 927 etiam
366 860 637 948 disputationibus
661 862 854 951 praesidere.
899 860 991 942 Quae
1011 885 1064 927 res
1092 862 1273 926 curantium
1303 861 1337 925 in
1358 858 1496 925 aedibus
1519 857 1670 945 collegio·

245 984 317 1025 rum
340 982 397 1025 seu
418 970 648 1026 conventorum
669 961 838 1047 diligentia
859 959 1151 1026 administrabitur.
1182 959 1415 1026 Contumaciae
1438 968 1546 1023 autem
1569 957 1670 1023 multa

203 1070 220 1125 5
249 1059 423 1125 constituta
444 1070 493 1124 est
518 1061 618 1125 triens
646 1060 741 1125 taleri
757 1061 774 1124 ¹.
816 1059 1007 1124 Bacularius
1037 1061 1150 1142 etiam,
1193 1059 1248 1146 qui
1279 1081 1337 1124 suo
1363 1056 1434 1122 loco
1464 1056 1667 1144 praesidebit

247 1158 461 1246 disputationi
474 1158 526 1223 die
547 1159 717 1241 dominico,
740 1161 842 1225 veteri
864 1158 1118 1224 consuetudine²
1138 1157 1258 1224 tribuet
1278 1155 1490 1246 quindecim³
1512 1167 1621 1222 aetate
1639 1168 1670 1220 et

245 1258 316 1324 loco
340 1259 475 1322 coeteris
497 1257 662 1346 prioribus
684 1257 875 1339 baculariis,
904 1256 961 1328 ubi
987 1267 1176 1344 argumenta
1207 1256 1248 1322 de
1276 1256 1447 1345 proposita
1472 1254 1610 1344 abipso
1631 1278 1667 1320 rc

245 1379 304 1422 sua
325 1354 573 1442 explicaverint,
596 1356 1067 1444 praemiclum'nummulorum
1088 1358 1180 1423 sex4.
1221 1354 1317 1438 Quod
1348 1356 1376 1419 si
1402 1355 1512 1420 facere
1540 1376 1667 1420 recusa·

245 1458 339 1538 verit,
362 1455 392 1518 ei
414 1455 559 1521 similiter
590 1455 732 1521 decanus
758 1455 892 1521 multam
923 1454 1010 1520 dicet
1038 1456 1189 1520 trientem
1221 1454 1346 1520 thaleri.
1389 1453 1425 1520 Si
1452 1462 1566 1520 tamen
1585 1454 1667 1519 forte

208 1567 238 1621 10
250 1553 416 1636 acciderit,
446 1565 481 1619 ut
502 1577 598 1620 onere
621 1556 683 1621 istc
705 1557 839 1641 gravari
865 1576 900 1619 se
926 1555 1043 1642 aliquis
1065 1551 1129 1643 [48]
1152 1565 1301 1642 oportere
1331 1576 1397 1620 non
1430 1553 1612 1636 existimet,
1642 1554 1669 1618 is

247 1677 379 1721 causam
399 1654 611 1720 recusationis
631 1654 754 1719 decano
775 1665 924 1742 exponet
971 1653 1035 1735 Qui
1057 1655 1085 1720 si
1104 1655 1224 1721 iustam
1253 1677 1325 1720 esse
1347 1653 1549 1741 cognoverit,
1579 1651 1669 1718 dabit

247 1776 390 1841 operam,
411 1761 448 1818 ut
467 1754 623 1841 impensis
644 1751 700 1818 ille
720 1753 771 1818 his
793 1752 958 1818 liberetur.

474 1925 501 1986 9.
528 1939 575 1985 on
597 1936 876 1986 racrrssonmos
895 1935 1062 1984 corinun
1084 1935 1217 1983 norrun
1236 1935 1272 1983 nr
1295 1935 1443 1984 crusna.

328 2067 393 2149 Qui
414 2067 579 2135 ordinario
601 2061 942 2156 doctrinac'publicae
968 2089 1102 2133 munere
1128 2067 1321 2153 ftmgrmtur,
1354 2069 1380 2133 ii
1407 2069 1566 2149 nimirum
1599 2090 1666 2134 carn

206 2169 405 2233 tertationem
440 2168 617 2234 servabunt
642 2179 674 2234 et
700 2167 846 2235 ordinem
878 2177 1065 2256 sequentur,
1103 2167 1159 2253 qui
1192 2175 1241 2231 cst
1261 2162 1495 2255 praescriptus.
1538 2168 1664 2234 (laeteri

246 2267 395 2353 magistri
418 2266 575 2332 bonarum
596 2270 713 2333 artium
736 2269 765 2333 si
786 2266 864 2355 quid
884 2265 1013 2354 publice
1034 2265 1151 2332 docere
1174 2264 1290 2349 volent,
1311 2266 1347 2330 id
1369 2267 1416 2331 eis
1443 2267 1554 2332 lacere
1582 2265 1663 2348 licet,

247 2377 280 2430 et
300 2363 415 2452 quibus
435 2365 508 2433 illos
530 2367 680 2433 docentes
702 2365 816 2431 audire
837 2365 1013 2454 placuerit,
1046 2387 1156 2432 corum
1179 2364 1287 2430 studia
1317 2364 1407 2431 nulla
1428 2366 1592 2432 edictione
1609 2369 1662 2432 im·

249 2464 434 2552 pediuntur.
476 2464 610 2530 Sciunt⁵
631 2477 736 2530 autem
758 2467 907 2552 magistri
927 2465 1086 2530 bonarum
1108 2466 1240 2546 artium,
1262 2463 1342 2528 nihil
1363 2486 1417 2530 eos
1440 2465 1587 2552 profiteri
1615 2464 1663 2529 de·

250 2563 378 2629 herese
399 2561 529 2649 publice
550 2562 701 2631 docturos
721 2586 792 2630 esse
814 2566 855 2631 iis
876 2564 975 2647 horis,
996 2566 1030 2629 in
1042 2586 1123 2649 quas
1136 2562 1253 2647 collata
1264 2572 1315 2628 est
1324 2562 1493 2630 ordinaria
1508 2564 1663 2645 doctrina,

203 2672 320 2728 tocum
342 2662 425 2728 banc
447 2663 595 2750 inprimis
616 2665 815 2749 frequentari
837 2667 1017 2730 conveniat.
1048 2663 1093 2727 Et
1114 2664 1168 2752 qui
1189 2662 1278 2727 illam
1298 2661 1477 2748 negligunt,
1498 2665 1532 2746 ii,
1554 2665 1662 2728 sicon-

246 2771 391 2827 temnunt
417 2762 636 2848 professorum
662 2762 873 2844 industriam,
903 2763 999 2828 nimis
1029 2772 1102 2827 sunt
1130 2761 1277 2849 superbi,
1310 2755 1492 2850 horumque
1519 2762 1663 2850 improba

253 2861 439 2948 pervicacia
460 2860 632 2948 aliquando
655 2862 752 2927 etiam
773 2861 1061 2943 animadvertetur,
1095 2865 1144 2927 sin
1173 2862 1240 2926 ista
1271 2860 1424 2927 socordia
1452 2860 1503 2926 est
1523 2862 1662 2944 inertiae,

247 2963 375 3026 omnino
399 2960 492 3025 dabit
513 2962 734 3048 unusquisque
755 2963 827 3047 ipse
849 2960 912 3026 sibi
937 2960 1150 3048 supplicium,
1184 2982 1255 3024 cum
1288 2982 1360 3026 sero
1390 2983 1464 3026 eum
1491 2959 1663 3048 poenitebit

246 3060 383 3146 turpiter
404 3061 544 3124 amissae
566 3061 756 3142 occasionis,
777 3072 949 3146 postquam
971 3058 1028 3125 illa
1048 3060 1198 3124 revocari
1218 3081 1282 3125 non
1304 3061 1433 3146 poterit.
1457 3059 1662 3148 Quapropter

203 3157 396 3224 25volumus
417 3167 448 3221 et
467 3157 624 3242 iubemus,
646 3157 809 3245 publicam
830 3167 862 3224 ct
882 3158 1080 3223 ordinariam
1100 3157 1280 3224 docuinam
1301 3159 1344 3224 ab
1367 3158 1517 3224 omnibus
1538 3159 1660 3246 potissi·

246 3279 334 3321 mum
355 3256 571 3342 frequentari,
595 3254 658 3345 [49]
680 3269 712 3322 et
740 3257 915 3324 secundum
943 3258 1028 3322 hanc
1056 3255 1128 3322 aliis
1156 3256 1285 3343 publice
1307 3260 1506 3344 privatimve
1524 3258 1658 3324 docenti·

246 3354 306 3421 bus
329 3354 401 3420 dari
422 3379 565 3443 operam.
610 3355 645 3420 Si
672 3359 744 3444 quis
771 3368 941 3438 externus,
983 3358 1037 3442 qui
1063 3357 1096 3420 in
1124 3365 1256 3421 nostrae
1283 3359 1527 3423 communitatis
1548 3379 1659 3444 corpus

248 3452 389 3519 nondum
411 3454 532 3519 relatus
560 3465 623 3537 est,
654 3456 800 3543 profiteri
828 3455 1008 3521 doctrinam
1034 3455 1202 3522 liberalem
1232 3456 1361 3543 publice
1386 3455 1492 3539 volet,
1527 3457 1659 3535 issciat,

246 3555 308 3617 nisi
329 3554 490 3640 permissu
511 3552 635 3635 decani,
653 3555 689 3618 id
709 3555 819 3619 facere
839 3555 903 3620 sibi
923 3577 987 3619 non
1008 3555 1115 3621 licere.
1143 3554 1239 3636 Quod
1267 3557 1294 3619 si
1317 3557 1401 3642 quis,
1425 3555 1477 3620 vel
1498 3578 1564 3621 non
1586 3555 1658 3620 indi·

205 3661 321 3716 tocato
343 3651 476 3717 consilio
499 3674 556 3716 suo
579 3653 631 3717 vel
653 3664 766 3718 contra
794 3655 985 3719 sententiam
1018 3654 1149 3738 decani,
1177 3654 1310 3737 audebit
1341 3653 1510 3721 doctrinae
1536 3675 1659 3719 munere

247 3750 376 3839 publice
399 3752 499 3837 fungi,
523 3751 562 3815 de
582 3751 667 3816 illius
692 3752 833 3817 audacia
853 3752 1056 3817 cohercenda
1078 3752 1219 3818 decanus
1239 3755 1397 3818 rationem
1427 3754 1540 3837 inibit,
1562 3766 1610 3837 et,
1636 3755 1660 3816 si

247 3873 329 3936 opus
350 3852 456 3932 fuerit,
477 3850 518 3915 ad
542 3852 748 3937 magnificum
774 3861 932 3917 rectorem
952 3874 1068 3916 nomen
1089 3851 1150 3916 hac
1171 3854 1205 3917 in
1227 3865 1322 3940 parte
1351 3856 1553 3920 contumacis
1580 3853 1669 3919 dese·-

246 3959 302 4014 rot.
349 3949 448 4014 Cuius
471 3952 706 4015 constitutionis
726 3950 953 4015 honestissima
974 3972 1074 4015 causa
1097 3962 1146 4016 est
1165 3954 1317 4017 nimirum
1346 3955 1553 4019 conservatio
1582 3949 1658 4019 ordi·

246 4050 297 4113 nis
318 4058 349 4111 et
370 4049 487 4132 quietis
510 4049 597 4135 apud
619 4073 687 4132 nos,
708 4051 798 4114 cuius
820 4050 1002 4116 turbandae
1023 4073 1134 4115 omnes
1155 4053 1341 4118 occasiones
1360 4076 1488 4118 summa
1499 4052 1659 4139 diligentia

204 4158 237 4214 35
248 4146 487 4234 praecidendae
500 4158 582 4212 sunt.

852 4281 1054 4331 CONCLUSIO.

330 4396 422 4460 Haec
443 4394 635 4461 mediocrem
659 4397 806 4463 ordinem
827 4408 859 4464 et
880 4420 943 4462 non
964 4419 1153 4483 perversam
1173 4400 1332 4465 rationem
1348 4401 1602 4488 complectentia
1622 4400 1659 4466 ad

248 4495 486 4563 communitatis
508 4506 638 4560 nostrae
659 4498 892 4563 incrementum
914 4508 1010 4585 atque
1032 4492 1241 4563 stabilitatem
1256 4509 1287 4563 et
1298 4509 1428 4566 vestrae
1449 4502 1599 4568 utilitatis
1617 4524 1660 4566 re

248 4605 395 4683 spectum
416 4595 478 4660 boc
498 4604 643 4681 tempore
664 4595 707 4660 ad
736 4599 831 4663 istam
855 4600 992 4664 formam
1019 4595 1160 4663 describi
1189 4598 1331 4686 placuit:
1377 4600 1557 4667 secundum
1586 4623 1661 4690 quse

332 4817 341 4866 1
364 4810 456 4866 Dafur
472 4814 564 4882 spitter
583 4811 742 4865 constitimus
758 4818 797 4864 eat
812 4811 922 4865 toleras.

330 4899 345 4949 2
363 4894 454 4949 Dafiir
470 4899 563 4964 spdtcr
579 4894 625 4948 die
642 4895 712 4947 dom.
731 4901 779 4947 aut
790 4893 908 4947 Summi
922 4913 954 4950 en
964 4903 1079 4950 coam.

331 4982 346 5033 3
364 4976 671 5050 Dariibergeschrieben
690 4975 808 5046 anfangs
824 4985 930 5047 septem,
948 4978 1051 5034 darauf
1061 4980 1210 5034 duodecim.

332 5068 348 5116 4
365 5060 493 5116 Dariibcr
509 5060 688 5132 geschrieben
704 5061 784 5115 acius
799 5063 899 5130 proram

334 5151 348 5201 5
365 5143 450 5200 wohl
461 5147 557 5202 sciant.
