3756 6158
742 463 792 516 Dic
811 464 1028 530 philosophische
1047 465 1173 519 rauna.

567 661 617 710 ΧΠ
639 647 792 733 poeticae,

604 765 616 809 1
637 745 827 830 rhetoricae,

589 863 614 909 11
635 845 863 911 elementorum
886 846 1194 927 mathematicorum,

573 962 611 1007 111
633 947 908 1032 interpretationis
932 962 1079 1011 autorum
1100 949 1267 1032 utriusque
1288 945 1432 1031 linguae,

203 1063 220 1116 5
562 1061 613 1107 1111
634 1045 859 1110 Aristotelicas
882 1046 1108 1132 explicationis
1138 1055 1170 1110 ct
1204 1047 1436 1130 grammaticae
1469 1067 1611 1132 graecae
1640 1057 1669 1109 et

636 1143 765 1208 latinae.

246 889 324 954 Post
346 891 513 956 meridiem

329 1291 402 1354 Hac
423 1290 547 1384 ratione
569 1290 735 1360 doctrinae
765 1294 914 1382 publicae
935 1297 990 1383 qui
1017 1297 1177 1382 praesint,
1207 1292 1321 1360 iuditio
1344 1304 1376 1359 61
1403 1296 1567 1359 sententia
1588 1317 1667 1359 com-

247 1392 335 1454 muni
365 1389 620 1473 designabantur
648 1403 680 1458 et
707 1397 949 1476 constituentur,
979 1404 1010 1458 et
1038 1395 1192 1480 suffragia
1220 1394 1298 1457 ferri
1328 1392 1493 1457 debebunt
1524 1393 1668 1480 diligenti

247 1490 502 1554 consideratione
531 1500 563 1554 ct
592 1491 679 1557 fideli
710 1494 825 1576 studio,
855 1505 889 1558 ut
921 1495 1034 1580 cuique
1064 1495 1176 1578 generi
1207 1494 1234 1556 is
1265 1493 1486 1580 praeficiatur,
1519 1495 1576 1581 qui
1603 1503 1668 1558 ete

207 1589 406 1674 indignitate
436 1593 672 1656 communitatis
703 1595 844 1657 maxime
878 1604 909 1657 et
939 1617 980 1657 ex
1012 1593 1151 1658 utilitate
1183 1591 1416 1679 discipulorum
1448 1615 1507 1657 suo
1540 1615 1668 1657 munere

245 1690 411 1753 finieturus
449 1713 519 1755 esse
552 1691 708 1756 videatur.
749 1691 902 1757 Decanus
942 1703 1049 1757 autem
1086 1691 1314 1777 aequalitatem
1350 1690 1584 1777 suffragiorum
1616 1713 1667 1755 suo

247 1788 387 1873 augebit.
431 1790 491 1855 Cui
514 1790 642 1874 quidem
665 1814 779 1856 munus
806 1792 935 1878 publice
958 1791 1095 1858 docendi
1120 1792 1217 1855 fuerit
1237 1790 1411 1871 decretum,
1440 1791 1472 1854 ei
1493 1789 1558 1854 hoc
1581 1789 1668 1854 deca·

246 1910 307 1951 nus
333 1891 490 1958 accersito
522 1889 564 1953 ad
593 1913 627 1954 se
657 1892 792 1955 seorsim
820 1891 991 1956 mandabit
1017 1901 1048 1956 et
1076 1890 1299 1955 assiduitatem
1321 1896 1417 1976 atque
1439 1888 1541 1953 fidem
1562 1891 1597 1953 in
1618 1889 1667 1955 do

250 1987 350 2052 cendo
379 1987 420 2052 ab
452 1990 524 2075 ipso
559 1989 782 2075 stipulabitur,
816 2014 914 2077 quam
944 1993 1131 2078 promittere
1161 1990 1283 2054 decano
1322 1988 1419 2053 debet
1448 1991 1495 2070 is,
1526 1983 1591 2075 [ts]
1617 1990 1667 2076 qui

209 2088 443 2151 ttfirnctionem
466 2090 612 2174 accipiet.
646 2090 720 2154 Non
739 2089 920 2155 movebitur
943 2101 1049 2154 autem
1072 2114 1129 2155 suo
1150 2089 1221 2155 loco
1243 2090 1313 2153 sine
1335 2089 1545 2174 gravissimis
1567 2088 1667 2152 666611

249 2183 435 2272 (dequibus
452 2188 576 2253 consilii
594 2188 714 2274 publici
732 2191 961 2274 cognitioerit)
983 2191 1152 2275 quisquam
1173 2211 1214 2254 ex
1235 2178 1388 2275 publicae
1409 2187 1582 2253 doctrinae
1603 2210 1668 2274 pro

246 2287 433 2368 sessoribus,
456 2309 559 2372 neque
581 2291 776 2373 permutatio
800 2288 915 2353 horum
937 2289 1001 2353 fiet.

330 2418 381 2482 Dc
410 2420 579 2506 stipendiis
607 2443 683 2485 vero
712 2431 743 2485 et
769 2420 971 2486 mercedibus
996 2412 1099 2485 'nichil
1128 2429 1248 2507 potest,
1283 2417 1371 2506 quod
1397 2430 1595 2507 perpetuum
1621 2420 1667 2501 sit,

248 2518 435 2602 praescribi,
460 2543 531 2583 cum
547 2543 611 2583 non
628 2543 753 2606 semper
771 2520 884 2584 eadem
905 2542 1119 2606 personarum
1141 2520 1236 2606 copia
1259 2527 1423 2606 suppetat.
1456 2519 1554 2585 Nunc
1567 2531 1666 2585 tamen

204 2618 455 2682 20constitutum
479 2629 543 2700 est,
566 2628 601 2682 ut
622 2620 787 2706 utriusque
815 2619 944 2705 linguae
972 2620 1146 2706 professori
1176 2641 1259 2682 anno
1290 2640 1420 2705 quoque
1441 2618 1570 2706 pendat
1588 2638 1664 2684 com·

246 2717 385 2780 munitas
415 2719 533 2781 artium
566 2717 634 2782 flor.
668 2735 741 2800 666,
773 2718 979 2784 Aristotelico
1012 2736 1070 2801 cn,
1102 2718 1328 2783 mathematico
1360 2734 1404 2782 01.
1433 2728 1466 2783 et
1495 2717 1661 2784 secundum

248 2815 328 2884 haec
348 2828 476 2881 caetera
498 2817 660 2903 stipendia
682 2820 728 2881 sic
751 2818 878 2883 definiri
897 2817 960 2884 hoe
977 2827 1122 2904 tempore
1145 2817 1275 2903 placuit,
1297 2816 1523 2882 mathematici
1538 2816 1661 2882 elemen-

244 2917 324 2979 tarii
345 2938 468 2980 merces
494 2939 601 2980 annua
630 2927 665 2981 ut
693 2919 735 2982 sit
763 2918 833 2983 flor.
855 2937 913 3003 nx,
948 2917 1128 3005 physicis,
1161 2915 1314 2980 rhetorici
1336 2932 1366 2998 c,
1402 2916 1526 3004 poetici
1548 2934 1578 2998 u,
1605 2914 1662 2979 dia-

248 3014 354 3080 lectici
375 3034 407 3097 L,
429 3017 633 3101 grammatici
653 3035 709 3081 Lx.

206 3256 238 3312 25
290 3266 336 3313 DE
360 3266 599 3315 SURBOGANDIS
620 3268 656 3313 IN
676 3266 767 3314 Loca
789 3266 901 3315 VACUA
924 3267 1095 3315 PUBLICAE
1118 3266 1318 3315 DOCTRINAE
1341 3264 1628 3314 rnorsssomsvs.

333 3397 368 3462 Si
397 3422 437 3462 ex
469 3399 706 3485 professoribus
738 3399 853 3484 aliquis
883 3398 1020 3463 docendi
1051 3419 1182 3461 munere
1216 3397 1278 3463 sibi
1308 3396 1464 3462 mandato
1492 3419 1557 3463 non
1584 3398 1660 3482 1111ςὶ

248 3498 404 3583 amplius,
433 3509 465 3561 et
493 3499 544 3562 vel
572 3500 647 3563 hinc
677 3498 844 3562 discedere
873 3498 924 3562 vel
953 3498 1019 3562 alia
1048 3497 1230 3561 conditione
1259 3499 1307 3561 uti
1330 3497 1488 3579 voluerit,
1519 3496 1660 3561 indicabit

248 3597 308 3659 hoc
325 3596 458 3679 decano,
482 3609 653 3683 antequam
678 3597 825 3678 decedat,
851 3600 977 3662 omnino
993 3597 1157 3662 mensibus
1173 3597 1310 3678 duobus,
1333 3608 1368 3661 ut
1392 3608 1424 3660 et
1443 3598 1511 3683 ipsi
1532 3595 1659 3661 debitum

250 3697 445 3782 stipendium
468 3709 553 3761 16616
576 3697 719 3784 persolvi
741 3708 771 3759 et
794 3696 833 3760 (16
857 3696 958 3762 altero
979 3697 1026 3760 illi
1052 3696 1241 3760 sufficiendo
1265 3695 1441 3761 deliberari
1464 3698 1575 3782 possit
1607 3695 1659 3759 Dc

209 3803 243 3857 30
253 3794 347 3859 betur
370 3808 475 3860 autem
499 3799 614 3884 cuique
635 3796 830 3882 stipendium
861 3798 929 3860 cius
960 3798 1147 3878 trimestris,
1179 3819 1241 3883 quo
1273 3796 1439 3882 professor
1471 3795 1577 3861 adhuc
1602 3795 1659 3873 trit,

252 3917 309 3957 seu
324 3895 409 3978 quod
432 3898 480 3959 sui
503 3899 643 3960 muneris
666 3895 773 3960 adhuc
797 3916 930 3981 compos
953 3898 1070 3980 attigit.
1105 3893 1168 3982 [to]
1192 3896 1236 3960 Et
1256 3895 1330 3960 ideo
1352 3905 1427 3958 ante
1449 3896 1577 3960 initium
1597 3893 1659 3958 alte

254 3996 320 4057 rius
343 3998 522 4077 semestris,
547 3997 588 4059 ad
619 3995 703 4081 quod
733 3994 822 4058 locus
846 4018 968 4058 vacuus
990 4018 1060 4059 csse
1081 3997 1233 4081 incipiat,
1255 3995 1318 4059 hoc
1339 3993 1498 4059 indicium
1520 3994 1561 4058 dc
1580 3993 1659 4058 reliu-

251 4093 378 4178 quendo
400 4094 471 4158 loco
494 4095 660 4159 doctrinae
682 4094 753 4158 fieri
776 4104 911 4180 oportet.

333 4226 454 4290 Verum
477 4229 505 4290 si
525 4250 610 4291 mors
634 4250 674 4290 ex
697 4213 934 4313 professoribus
966 4227 1104 4314 aliquem
1134 4227 1305 4291 abstulerit
1334 4235 1366 4290 et
1393 4227 1465 4290 eius
1492 4227 1660 4303 trimestris,

208 4333 240 4388 31
252 4348 313 4411 quo
335 4335 438 4388 morte
460 4324 513 4388 ille
535 4325 630 4406 obiit,
662 4325 858 4411 stipendium
888 4329 952 4412 ipsi
981 4326 1123 4390 debitum
1144 4325 1338 4390 haeredibus
1361 4326 1430 4390 eius
1461 4326 1661 4413 persolvetur,

251 4438 281 4487 et
305 4424 344 4488 de
368 4446 552 4488 successore
582 4424 752 4509 diligenter
781 4425 1026 4489 consultabitur.
1069 4425 1211 4489 Dabitur
1233 4433 1339 4488 autem
1364 4447 1477 4511 opera,
1498 4436 1535 4490 ut
1556 4425 1660 4512 reperi-

251 4533 346 4589 antur
370 4524 411 4587 ad
433 4526 586 4610 cuiusque
607 4525 817 4608 professionis
846 4525 1027 4589 doctrinam
1054 4524 1170 4589 idonei.
1219 4525 1373 4588 Decanus
1396 4524 1509 4610 igitur,
1531 4523 1661 4590 6116611-

250 4624 320 4710 quis
336 4623 419 4688 ultro
437 4625 655 4686 communitati
677 4624 931 4687 renunctiaverit
954 4647 1087 4709 operam
1109 4624 1275 4687 doctrinae
1296 4645 1375 4688 snae
1397 4646 1456 4688 seu
1477 4635 1581 4691 morte
1601 4645 1660 4709 pro·

250 4723 382 4786 fessonis
417 4725 563 4807 cognita,
597 4723 653 4786 ubi
687 4724 826 4808 primurn
858 4723 1024 4787 commode
1058 4725 1197 4809 poterit,
1230 4744 1269 4786 ea
1302 4721 1342 4786 de
1374 4747 1410 4788 16
1439 4724 1483 4789 611
1509 4724 1660 4790 consilium

211 4820 419 4907 topnblicum
436 4823 553 4885 referet
566 4832 715 4907 patetque
730 4819 771 4885 ab
787 4843 987 4909 unoquoque,
1007 4833 1043 4887 ut
1061 4824 1096 4886 in
1115 4845 1198 4886 novo
1219 4823 1402 4906 professore
1424 4819 1659 4890 demonstrando

252 4923 480 5005 cogitationem
497 4943 587 4984 suam
610 4922 652 4986 ad
675 4920 865 5004 dignitatem
889 4922 1126 4986 communitatis
1148 4932 1280 4984 nostrae
1303 4931 1335 4985 et
1358 4922 1592 5012 discipulorum
1610 4919 1657 4984 uti·

252 5020 373 5084 litatem
402 5022 555 5084 conferat.
607 5023 678 5086 Non
707 5021 833 5085 differet
861 5030 969 5084 autem
999 5044 1067 5084 rem
1095 5042 1199 5106 neque
1228 5019 1326 5084 ullam
1356 5024 1560 5096 occasionem
1586 5019 1656 5085 illam

253 5119 442 5182 conficiendi
457 5120 608 5204 negliget,
632 5120 835 5206 studebitquc
848 5124 934 5184 intra
948 5122 1110 5184 trimestre
1131 5121 1170 5201 ei,
1193 5121 1248 5204 qui
1271 5119 1423 5204 decessit,
1444 5121 1578 5187 alterum
1597 5116 1656 5184 sub·
