3756 6158
244 493 305 557 470
734 489 785 539 Die
803 488 1023 552 philosophischo
1038 489 1167 540 Faculti'st.

243 674 348 737 victus
367 670 418 736 vel
440 670 616 752 confessus,
637 669 689 735 vel
711 693 770 756 per
791 678 1019 736 conventorem
1040 680 1177 757 propter
1198 670 1284 736 hunc
1298 669 1350 735 rel
1372 667 1551 756 quemlibet
1573 666 1671 732 alium

243 793 412 836 excessum
432 768 472 834 de
495 769 595 834 bursa
616 792 676 833 sua
698 768 853 856 expulsus
874 770 985 852 fucrit,
1014 768 1066 833 vel
1086 771 1120 832 in
1141 767 1321 857 prostibulo
1342 766 1394 831 vel
1417 777 1513 832 extra
1541 765 1670 854 publice

243 892 277 934 se
299 870 509 956 percusserit,
535 869 588 933 vel
609 868 656 933 ibi
678 869 864 933 vulneratus
886 890 928 934 ex
953 867 1052 954 culpa
1079 890 1139 933 sua
1165 869 1263 934 fuerit
1284 877 1398 954 captus
1418 866 1471 932 vel
1494 865 1668 954 depreben-

241 991 306 1051 sus,
326 969 379 1033 vel
400 969 456 1054 qui
475 967 520 1032 ad
541 967 675 1033 taxilles
702 971 736 1033 in
755 967 900 1033 tabernis
924 966 1052 1054 publice
1081 965 1209 1048 luserit,
1238 965 1291 1031 vel
1312 965 1526 1031 hastiludium
1545 968 1582 1031 in
1602 966 1669 1031 foro

200 1078 216 1133 5
243 1067 372 1155 publice
401 1069 592 1149 exercuerit,
620 1066 672 1130 vel
701 1069 756 1152 qni
782 1066 892 1131 verbis
921 1066 1084 1131 iniuriosis
1114 1065 1254 1153 aliquem
1282 1067 1515 1151 magistrorum
1543 1063 1670 1153 publice

242 1167 385 1248 laeserit,
404 1166 456 1232 vel
477 1166 585 1254 ipsum
607 1167 762 1231 iniuriose
783 1167 991 1253 percusserit,
1012 1164 1064 1230 vel
1082 1165 1204 1230 furtum
1226 1164 1279 1235 vel
1299 1164 1380 1231 alios
1402 1188 1570 1248 excessus,
1594 1187 1669 1251 quos

242 1268 413 1334 comitatur
443 1266 578 1329 infamia
606 1263 660 1329 vel
693 1263 897 1347 scandalum,
927 1266 1125 1330 commiserit
1151 1262 1203 1329 vel
1233 1265 1480 1352 perpetraverit
1525 1263 1669 1345 Quorum

241 1364 348 1431 nullus
368 1366 480 1447 eciam,
508 1365 535 1428 si
558 1363 599 1429 de
620 1363 728 1451 aliquo
751 1363 995 1450 praedictorum
1016 1386 1208 1430 excessuum
1230 1374 1401 1452 suspectus
1422 1364 1476 1430 vel
1496 1363 1669 1428 infamatus

241 1466 353 1546 fuerit,
379 1465 444 1529 nisi
464 1464 509 1551 de
527 1462 585 1527 tali
613 1485 672 1548 per
694 1486 787 1528 suurn
805 1465 1022 1529 iuramentum
1043 1466 1093 1529 se¹
1116 1465 1365 1552 expurgaverit,
1392 1462 1437 1528 ad
1459 1484 1601 1528 examen
1621 1460 1668 1526 vel

201 1574 233 1630 10
242 1573 450 1650 temptamen,
472 1560 519 1627 uti
541 1563 757 1648 praemissum
776 1574 834 1644 est,
856 1561 964 1649 aliquo
987 1562 1083 1628 modo
1106 1561 1305 1628 admittatur.

554 1786 604 1847 21.
627 1797 675 1844 nn
697 1797 830 1858 naemu
853 1799 1121 1849 surrosrroaun
1141 1801 1177 1847 m
1198 1798 1356 1847 snrmns.

322 1949 437 2017 Nullus
465 1943 705 2033 promovendus
725 1948 760 2013 in
782 1947 917 2029 artibus,
947 1950 1017 2014 sive
1044 1949 1088 2014 sit
1109 1947 1320 2033 baccalsrius
1341 1950 1411 2013 sive
1441 1946 1585 2034 simplex
1607 1955 1668 2013 stu·

240 2051 329 2132 dens,
356 2071 430 2113 cum
460 2047 609 2112 rostratis
635 2045 764 2127 calceis,
792 2045 931 2112 colleriis
960 2047 1147 2117 cancellatis
1176 2047 1344 2113 inhoneste
1375 2045 1523 2129 incedat,
1551 2050 1668 2114 necin

238 2147 390 2213 tunicella
410 2144 461 2211 vel
486 2145 603 2233 palleo,
630 2146 685 2231 qui
706 2167 771 2211 non
792 2145 1001 2232 progreditur
1021 2147 1108 2214 ultra
1127 2169 1244 2236 genua,
1271 2156 1328 2231 aut
1348 2145 1429 2212 alias
1451 2157 1562 2213 vestes
1582 2147 1667 2217 indo

200 2256 351 2312 recentes
373 2245 513 2326 deferat,
545 2236 630 2332 [22²]
652 2267 756 2331 neque
783 2255 891 2331 portet
911 2237 1035 2333 caligas
1057 2257 1112 2312 aut
1133 2247 1278 2312 manicas
1298 2245 1445 2332 depictas
1468 2246 1520 2311 vel
1548 2245 1666 2313 florisa·

239 2358 300 2427 tas,
327 2344 474 2409 Biretnm
502 2339 672 2430 [fuscum]²
694 2344 807 2426 eciam,
835 2344 922 2432 quod
950 2347 1146 2432 insignium³
1172 2356 1223 2410 est
1249 2343 1448 2432 magistrale,
1476 2346 1512 2409 in
1539 2345 1665 2433 publico

237 2465 442 2533 nequaquam
463 2451 578 2528 portet.
622 2440 657 2506 si
680 2443 752 2530 quis
773 2453 881 2507 autem
903 2446 1099 2531 contrarium
1120 2446 1235 2509 fecerit
1262 2454 1319 2509 aut
1344 2446 1453 2529 facere
1478 2467 1664 2532 praesump

238 2547 332 2626 serit,
361 2542 530 2633 inhoneste
550 2539 729 2606 incedendo
752 2551 784 2607 et
811 2542 978 2628 prohibita
1006 2542 1191 2628 deferendo,
1219 2542 1317 2609 talem
1338 2543 1476 2630 quilibet
1496 2545 1665 2631 magistro·

238 2666 311 2708 rum
331 2664 368 2707 eo
390 2637 632 2727 temporequo
653 2638 794 2726 aliquem
816 2632 955 2726 gradum
975 2652 1087 2728 petere
1108 2654 1164 2726 aut
1185 2662 1349 2709 assumere
1370 2641 1527 2727 voluerit,
1549 2643 1664 2708 denun-

195 2744 328 2808 asciare
349 2750 404 2806 aut
424 2739 583 2827 impedire
604 2748 713 2826 potest
734 2750 765 2804 et
785 2750 927 2825 tenetur,
951 2751 983 2806 et
1003 2744 1067 2820 nisi
1086 2766 1121 2808 se
1135 2742 1364 2825 emendaverit,
1386 2744 1434 2807 ita
1450 2743 1539 2831 quod
1551 2745 1664 2809 vestitu

239 2841 365 2906 decenti
394 2839 540 2921 incedat,
572 2840 640 2902 vita
673 2847 704 2903 et
735 2839 879 2905 moribus
912 2842 1034 2906 existat
1065 2841 1349 2924 commendandus,
1382 2840 1425 2906 ad
1458 2863 1600 2908 examen
1616 2841 1664 2907 vel

238 2949 435 3027 temptamen
454 2961 512 3004 suo
532 2947 678 3024 tempore
699 2959 763 3003 non
784 2938 982 3007 admittatur.

530 3160 578 3222 22.
600 3174 647 3222 nn
670 3173 819 3222 erinon
838 3176 1155 3227 rnonovnnnonuu
1172 3178 1208 3226 m
1227 3163 1375 3228 nurrsrs.⁴

319 3322 434 3389 Nullus
455 3321 694 3408 promovendus
716 3324 751 3388 in
772 3322 897 3389 artibus
925 3324 968 3389 ad
999 3347 1137 3391 examen
1157 3324 1210 3392 vel
1238 3335 1438 3413 temptamen
1466 3325 1661 3407 admittatur,

195 3425 300 3491 25nisi
321 3425 357 3488 in
377 3420 522 3506 collegiis
544 3430 600 3486 aut
625 3420 733 3488 bursis
762 3445 783 3487 a
807 3423 962 3489 facultate
991 3424 1184 3512 approbatis
1211 3427 1361 3491 continue
1389 3428 1532 3509 steterit,
1559 3426 1661 3512 ibique

236 3527 271 3589 in
299 3521 477 3587 scolasticis
505 3521 631 3586 actibus
656 3520 868 3604 latinizando,
896 3522 1073 3609 arguendo,
1102 3524 1299 3612 disputando
1320 3535 1354 3591 et
1375 3525 1573 3613 opponendo
1597 3523 1660 3589 dili·

237 3622 370 3710 gencius
398 3622 433 3685 in
455 3620 568 3686 ordine
598 3642 655 3684 suo
678 3621 923 3703 exercitaverit,
952 3632 1123 3709 ceteraque
1152 3624 1281 3711 collegii
1304 3634 1360 3690 aut
1387 3624 1510 3691 bursae
1535 3627 1608 3691 iura
1629 3633 1661 3690 ut

235 3742 333 3786 verus
360 3714 535 3806 inquilinus
563 3741 622 3805 per
645 3741 680 3784 se
707 3723 862 3801 tenuerit3
891 3722 954 3786 nisi
984 3721 1071 3788 filius
1099 3725 1250 3801 civitatis
1268 3725 1366 3791 fuerit
1393 3725 1446 3791 vel
1476 3725 1559 3791 alias
1585 3725 1660 3790 adeo

236 3819 430 3887 habundans
449 3815 503 3882 vel
523 3817 686 3899 notabilis,
709 3819 797 3906 quod
820 3819 950 3884 domum
970 3824 1139 3909 propriam
1155 3834 1265 3889 tenere
1279 3835 1310 3890 et
1328 3849 1493 3913 expensas
1515 3829 1659 3913 proprias

194 3931 302 3989 tonna
332 3941 405 3983 cnm
434 3918 591 4002 magistro
621 3917 673 3982 vel
704 3918 915 3984 informatura
938 3923 1080 4006 poterit5
1106 3922 1227 3989 babere
1258 3927 1371 4010 gratis,
1404 3924 1446 3990 de
1477 3947 1541 4013 quo
1570 3924 1659 3989 fidem

235 4018 381 4085 facultati
411 4017 471 4081 sub
499 4039 556 4080 suo
584 4019 762 4082 iuramento
792 4040 852 4104 per
880 4019 962 4085 duos
990 4023 1079 4086 viros
1109 4021 1259 4106 idoneos,
1290 4024 1407 4111 quibus
1436 4024 1499 4089 hoc
1529 4033 1659 4104 constat,

235 4121 305 4206 sive
333 4139 392 4204 per
414 4116 479 4180 alia
506 4116 666 4201 legittima
694 4116 889 4210 documenta
915 4119 1023 4186 facere
1049 4131 1206 4186 teneatur.
1246 4122 1291 4187 Et
1317 4133 1353 4189 ut
1381 4135 1533 4190 constare
1561 4126 1659 4213 possit

235 4220 276 4284 de
305 4217 431 4283 stancia
457 4225 489 4280 et
516 4215 642 4280 iuribus
668 4213 860 4283 bursalibus'
879 4217 1077 4300 observatis,
1106 4217 1203 4286 debet
1231 4231 1375 4309 tempore
1405 4222 1656 4311 dispensacionis

235 4319 374 4404 desuper
396 4313 551 4380 exhibere
570 4316 828 4401 recognitionem
851 4318 900 4381 sui
928 4320 1134 4402 conventoris
1155 4321 1208 4386 vel
1231 4331 1474 4405 conventorum,
1501 4345 1576 4389 cum
1600 4346 1655 4412 quo

193 4416 286 4486 ttvel
310 4416 426 4504 quibus
448 4415 584 4479 steterit.

321 4685 333 4734 1
352 4697 381 4734 ae
398 4678 474 4735 fehlt.

319 4768 334 4818 2
345 4768 461 4834 fmatm
477 4762 514 4823 ist
530 4761 598 4818 iiber
614 4762 663 4818 der
681 4763 756 4820 Zeile
773 4763 987 4838 nachgetragen.

319 4853 334 4903 3
354 4847 418 4918 Vgl.
439 4853 525 4904 unten
542 4848 619 4917 XIV,
641 4853 679 4916 17,
697 4847 738 4902 Bl
756 4851 814 4904 ²5⁵.

318 4935 334 4985 4
351 4929 406 4984 Am
423 4933 534 4987 Raude:
557 4933 616 4986 Hie
632 4932 739 5003 lapara
754 4935 899 4987 murum
915 4942 941 4989 et
957 4936 1065 4991 tersum
1081 4944 1209 4992 emmam
1228 4939 1258 4993 ia
1275 4956 1349 4995 noea
1368 4942 1557 4998 manuam

319 5018 334 5074 5
352 5013 421 5068 Hier
436 5015 472 5070 ist
489 5017 534 5072 ein
552 5015 617 5072 Sata
635 5016 814 5087 ausgefallen,
831 5018 887 5088 rgl.
904 5027 990 5073 unton
1009 5037 1045 5074 ru
1062 5019 1141 5090 XIV,
1160 5027 1184 5076 7.
