3756 6158
256 482 317 556 484
428 522 437 546 e
753 483 803 537 Die
824 479 1042 552 pbilosophisohs
1059 482 1187 541 Facultdt.

258 679 365 754 potest
386 679 418 733 et
439 678 574 734 tenetur.
617 669 686 734 Nec
707 671 809 734 eciam
830 669 904 735 talis
926 672 1127 756 inposterum
1149 668 1354 752 admittatur,
1376 669 1438 733 nisi
1460 666 1543 735 adeo
1570 665 1680 732 lauda·

256 768 364 832 biliter
386 779 418 833 et
438 770 584 833 virtuose
606 791 641 832 se
662 770 798 851 rexerit,
822 769 908 855 quod
927 791 968 833 ex
990 780 1155 833 transacta
1175 769 1322 832 virtuosa
1348 770 1417 832 eius
1443 768 1514 832 vita
1542 766 1584 831 de
1610 766 1682 831 sub-

257 868 402 953 sequenti
425 865 509 954 [29b]
532 869 601 932 eius
622 869 867 933 conversatione
888 868 1045 933 laudabili
1066 876 1300 953 praesumatur.
1333 867 1378 931 Et
1393 867 1492 931 talem
1513 887 1682 930 excessum

255 964 393 1029 facultas
428 967 550 1031 arcium
583 977 714 1054 reputat
744 966 918 1033 notabilem
952 977 984 1056 et
1014 952 1185 1047 notorium,
1215 965 1255 1030 de
1283 989 1348 1052 quo
1379 989 1437 1053 per
1468 974 1683 1030 rectorem‘et

217 1074 232 1128 5
262 1086 445 1129 assessores
467 1069 536 1130 eius
557 1067 778 1131 incarceratus
799 1067 912 1149 fuerit,
934 1065 986 1131 vel
1007 1068 1035 1130 si
1058 1064 1207 1151 publicus
1227 1066 1467 1129 meretricarius
1489 1064 1603 1146 fuerit,
1626 1066 1682 1126 sei-

260 1161 336 1228 licet
357 1163 442 1251 quod
464 1165 497 1230 in
520 1164 615 1230 domo
636 1165 852 1231 habitacionis
879 1187 957 1230 suae
978 1164 1143 1229 mulierem
1173 1173 1355 1250 suspectam
1385 1162 1517 1249 publice
1546 1164 1684 1227 tenuerit

261 1262 312 1326 vel
334 1263 376 1327 ad
400 1261 569 1327 comodum
589 1263 709 1331 bursae
731 1287 808 1329 suae
829 1264 927 1329 talem
948 1263 1175 1345 introduxerit,
1194 1261 1246 1326 vel
1267 1261 1332 1327 alia
1353 1261 1450 1327 domo
1471 1285 1531 1327 seu
1554 1261 1682 1326 domun·

263 1360 336 1425 cula
361 1361 413 1426 vel
441 1362 578 1427 comodo
605 1365 766 1428 meretrici
790 1363 946 1449 'publicae
972 1363 1024 1427 vel
1054 1361 1279 1427 meretricibus
1305 1360 1446 1448 publicis
1475 1369 1683 1426 conversatus

262 1460 375 1542 fuerit,
395 1459 449 1524 vel
470 1463 504 1525 in
526 1461 757 1528 collusionibus
779 1471 836 1527 aut
862 1462 1027 1549 prandiis,
1047 1461 1104 1527 ubi
1131 1461 1230 1526 talem
1255 1459 1308 1524 vel
1334 1460 1416 1524 tales
1444 1482 1517 1525 esse
1545 1460 1683 1541 sciverit,

220 1559 375 1642 tefuerit,
396 1559 449 1623 vel
476 1559 580 1625 locum
610 1571 813 1647 suspectum,
841 1561 993 1626 videlicet
1020 1559 1256 1647 prostibulum,
1286 1561 1470 1624 visitaverit
1498 1568 1531 1624 et
1560 1558 1601 1623 de
1628 1558 1684 1624 hoc

267 1661 433 1723 convictus
463 1670 518 1725 aut
546 1661 712 1724 confessus
740 1659 800 1725 vel'
822 1683 881 1746 per
912 1669 1140 1725 conventorem
1175 1669 1309 1745 propter
1336 1658 1421 1724 huno
1450 1668 1482 1723 et
1512 1658 1683 1743 quemlibet

262 1757 361 1820 alium
385 1779 555 1822 excessum
577 1758 617 1822 de
639 1757 741 1824 bursa
761 1781 821 1824 sua
841 1758 997 1849 expulsus
1017 1759 1131 1847 fuerit3
1160 1757 1212 1822 vel
1240 1760 1273 1822 in
1301 1757 1483 1843 prostibulo
1512 1757 1566 1823 vel
1594 1770 1683 1822 extra

261 1856 392 1941 publice
414 1878 448 1921 se
470 1859 667 1942 percusserit
687 1858 739 1923 vel
758 1856 1013 1923 ibivulneratus
1036 1879 1078 1922 ex
1100 1853 1197 1943 culpa
1217 1880 1276 1921 sua
1296 1858 1395 1921 fuerit
1416 1868 1535 1944 eaptus
1555 1855 1609 1921 vel
1632 1855 1681 1920 de

260 1955 455 2043 prehensus3
484 1968 540 2021 aut
564 1959 620 2044 qui
648 1957 691 2022 ad
717 1957 853 2023 taxillos
879 1958 912 2022 in
938 1955 1096 2040 tabernis
1115 1955 1245 2043 publice
1265 1956 1380 2021 luserit
1400 1955 1452 2021 vel
1474 1956 1681 2047 hastiludium

220 2067 250 2121 15
260 2057 293 2120 in
314 2055 384 2121 foro
405 2054 533 2141 publice
555 2057 754 2141 exercuerim
784 2056 836 2121 vel
865 2058 920 2144 qui
947 2055 1062 2121 >verbis
1089 2056 1255 2121 iniuriosis
1273 2055 1424 2141 valiquem
1453 2057 1681 2141 magistrorum

260 2153 399 2242 publice,
411 2153 542 2219 laeserit
563 2154 614 2219 vel
642 2159 751 2242 ipsum
778 2156 934 2220 iniuriose
969 2157 1176 2241 percusserit,
1205 2154 1256 2218 vel
1283 2155 1405 2219 furtum
1433 2177 1492 2219 seu
1523 2155 1607 2219 alios
1633 2176 1681 2218 ex·

262 2276 382 2330 cessus,
404 2274 485 2338 quos
506 2255 676 2319 comitatur
698 2254 834 2319 infamia
847 2253 900 2318 vel
916 2252 1114 2338 scandalum,
1136 2255 1333 2319 commiserit
1354 2264 1412 2319 aut
1433 2255 1680 2343 perpetraverit.

261 2354 405 2434 Quorum
420 2351 526 2417 nullus
545 2355 649 2419 eciam
661 2355 688 2417 si
703 2353 743 2418 de
760 2352 868 2441 aliquo
890 2351 1131 2440 praedictorum
1152 2375 1344 2418 excessuum
1367 2365 1540 2440 suspectus
1561 2352 1614 2417 vel
1635 2353 1677 2417 in·

260 2455 402 2518 famatus
425 2451 540 2534 fuerit,
570 2453 633 2516 nisi
662 2475 697 2518 se
727 2453 768 2517 de
799 2452 858 2518 tali
890 2474 948 2539 per
979 2475 1073 2517 sunm
1105 2453 1319 2517 iuramentum
1351 2453 1611 2540 expurgaverit,
1644 2451 1679 2516 ad

220 2551 479 2633 scorsasanti
500 2553 713 2637 praemissum
731 2562 794 2635 cst,
815 2551 923 2638 aliquo
944 2551 1039 2617 modo
1060 2548 1258 2616 admittatur.

265 2710 312 2769 ll.
345 2715 503 2765 DECANUS
531 2717 677 2765 NULLUM
705 2712 1025 2766 BACCALARIANDUM
1053 2718 1256 2767 tusculanus
1279 2719 1398 2767 DEBET
1424 2718 1495 2767 PRO
1523 2717 1678 2780 uxama,

422 2802 424 2807 Ι
574 2804 642 2864 NISI
663 2816 812 2865 uacuum
823 2841 825 2849 v
835 2816 1113 2867 mrussclueuuu
1134 2817 1373 2866 luumffluruu.

344 2915 498 2980 Decanus
519 2914 641 2980 nullum
664 2915 842 2981 inscribere
866 2914 962 2982 debet
982 2938 1043 3002 pro
1064 2917 1214 2981 examine
1236 2914 1487 3000 baccalariatus,
1511 2917 1575 2982 nisi
1596 2917 1676 3004 prius

263 3015 328 3082 tale
347 3016 460 3080 fecerit
480 3017 712 3080 iuramentum:
744 3012 838 3101 „Ego
862 3015 910 3079 .N.
939 3015 1024 3097 iuro,
1046 3015 1133 3102 quod
1153 3039 1213 3080 nec
1235 3016 1361 3081 actione
1383 3038 1443 3080 nec
1465 3015 1604 3097 ultione,
1629 3036 1677 3078 nec

221 3124 254 3180 25
267 3137 327 3202 per
349 3136 400 3179 me
420 3136 479 3178 nec
493 3137 560 3201 ,per
582 3112 692 3197 alium,
713 3111 835 3179 directe
849 3110 900 3179 vel
923 3113 1089 3197 indirecte,
1111 3108 1211 3180 verbo
1232 3114 1283 3179 vel
1304 3115 1391 3180 facto
1412 3114 1465 3179 vel
1489 3116 1605 3203 quovis
1625 3113 1677 3179 alio

264 3212 360 3280 modo
388 3212 485 3277 velim
516 3234 567 3277 me
599 3212 785 3295 vindicare,
818 3212 919 3277 eiad
951 3232 1087 3277 examen
1117 3234 1181 3277 non
1211 3212 1366 3278 admittar
1393 3213 1446 3277 vel
1481 3216 1587 3279 eciam
1615 3222 1677 3300 post

265 3334 401 3377 examen
422 3312 549 3394 reiciar,
573 3311 632 3376 sub
656 3330 762 3399 poena
782 3313 928 3397 periurii,
952 3310 1039 3398 quod
1068 3312 1301 3377 contrafaciens
1329 3315 1403 3399 ipso
1431 3312 1519 3382 facto
1549 3314 1675 3394 incurro,

270 3421 302 3476 et
322 3421 449 3475 centum
474 3409 687 3492 florenorum,
710 3431 847 3496 quorum
869 3409 1025 3474 medietas
1050 3411 1145 3476 cedat
1170 3411 1231 3496 illi,
1254 3435 1349 3500 quem
1379 3413 1427 3476 sic
1457 3410 1603 3496 offendo,
1623 3409 1676 3476 alia

265 3533 343 3575 vero
357 3510 513 3574 medietas
529 3508 624 3574 cedat
636 3508 792 3573 facultati.
836 3508 891 3574 Sic
904 3532 955 3574 me
971 3509 1049 3574 deus
1072 3511 1204 3575 adiuvet
1224 3523 1256 3576 et
1278 3522 1393 3577 saneta
1414 3511 1469 3575 dei
1491 3509 1676 3598 evangelia“

220 3686 254 3739 30
392 3682 437 3742 15.
459 3692 506 3738 Da
528 3692 644 3740 Poena
666 3691 938 3740 MOLESTANCIUM
960 3692 1228 3743 extumescens
1249 3695 1295 3742 ΕΤ
1316 3693 1567 3742 luennl'rouss.

350 3789 465 3855 Nullus
486 3791 611 3854 actione
635 3789 688 3854 vel
710 3789 848 3874 ultione,
871 3813 929 3877 per
953 3814 987 3856 se
1009 3791 1061 3856 vel
1082 3816 1142 3880 per
1165 3793 1279 3876 alium,
1302 3792 1426 3857 directe
1447 3791 1502 3857 vel
1523 3792 1675 3871 indirecte,

268 3890 366 3955 verbo
382 3889 432 3953 vel
447 3889 532 3955 facto
549 3889 599 3953 vol
622 3910 813 3977 quocunque
835 3890 899 3955 alio
920 3889 1016 3955 modo
1038 3893 1173 3978 impetat
1196 3889 1281 3979 [302]
1304 3892 1355 3959 vel
1378 3892 1529 3957 molestet
1551 3892 1675 3977 aliquem

267 3991 307 4054 de
327 3989 493 4073 magistris
513 3987 566 4052 vel
588 3989 867 4054 examinatoribus
889 4013 949 4076 pro
972 4013 1025 4072 eo,
1053 3990 1138 4076 quod
1166 3991 1306 4078 aliquem
1329 3990 1369 4055 de
1393 3993 1462 4055 suis
1485 3991 1528 4055 ad
1552 4011 1675 4056 examen

264 4112 323 4175 pro
342 4087 447 4173 gradu
466 4086 704 4152 baccalariatus
725 4111 765 4152 cx
784 4111 883 4153 causa
902 4087 1094 4154 racionabili
1114 4113 1179 4156 non
1200 4091 1331 4155 admisit
1352 4089 1405 4154 vel
1428 4092 1533 4155 eciam
1555 4088 1677 4156 eunden

223 4199 256 4254 35
266 4192 359 4253 iuxta
387 4209 478 4251 suam
509 4188 744 4251 conscienciam
774 4197 805 4252 et
830 4190 1044 4253 iuramentum
1073 4189 1245 4276 impedivit
1264 4188 1316 4252 vel
1336 4197 1494 4276 tanquam
1520 4189 1676 4274 indignum

264 4289 384 4353 reiecit.
433 4285 640 4352 Contrarium
661 4288 784 4351 faciens
805 4287 889 4353 ultra
911 4299 1036 4353 reatum
1058 4290 1210 4374 periurii,
1232 4286 1319 4374 quod
1338 4290 1412 4375 ipso
1433 4289 1521 4355 facto
1545 4288 1678 4366 incurrit,

266 4397 298 4451 et
319 4399 447 4452 centum
462 4386 655 4451 florenorum
676 4407 824 4472 poenam,
847 4409 982 4472 quorum
997 4387 1153 4452 medietas
1166 4387 1261 4452 cedat
1282 4387 1330 4452 illi
1352 4387 1404 4452 vel
1426 4387 1501 4471 illis,
1523 4410 1617 4474 quem
1634 4383 1678 4449 vel

266 4490 347 4573 quoa
369 4489 497 4573 impetit
517 4486 568 4551 vel
590 4486 759 4569 molestat,
789 4485 854 4550 alia
878 4486 1034 4552 medietas
1056 4486 1151 4551 cedat
1171 4485 1333 4569 facultati,
1360 4475 1464 4550 eciam
1491 4496 1678 4577 perpetues

264 4586 418 4651 facuiltate
440 4587 564 4649 areium
587 4587 630 4650 sit
651 4583 815 4650 exclusus.
860 4584 1003 4651 Tenetur
1025 4586 1129 4650 eciam
1150 4584 1287 4650 facultas
1308 4585 1356 4649 illi
1381 4585 1432 4650 vel
1458 4584 1540 4670 illis,
1566 4588 1617 4674 qui
1637 4585 1677 4648 sic

222 4687 433 4772 toimpetitur
460 4694 517 4748 aut
543 4686 750 4769 impetuntur,
772 4686 961 4751 molestatur
989 4697 1044 4750 aut
1070 4684 1290 4767 molestantur,
1312 4684 1447 4749 realiter
1472 4706 1548 4750 cum
1575 4686 1676 4751 effectu

265 4787 428 4866 assistere,
451 4796 492 4866 et,
515 4784 543 4848 si
563 4805 644 4868 opus
665 4783 779 4866 fuerit,
802 4787 904 4852 eciam
927 4783 986 4849 sub
1008 4785 1161 4871 expensis
1183 4783 1349 4851 facultatis
1371 4784 1530 4871 propriis,
1552 4783 1675 4848 eundem

266 4882 319 4946 vel
340 4884 486 4965 eosdem,
507 4883 611 4946 eciam
632 4904 653 4946 a
673 4881 933 4971 quibuscunque,
954 4887 1031 4950 totis
1057 4883 1182 4948 viribus
1209 4883 1380 4950 defensare
1407 4893 1458 4967 et,
1481 4884 1674 4970 quantumin

265 5004 304 5045 ea
322 4984 330 5023 ¹
352 4981 459 5063 fuerit,
482 5003 670 5046 assecurare
689 5003 748 5045 nec
770 5004 834 5046 non
856 4982 998 5047 totaliter
1018 4981 1201 5068 exbrigare.

308 5151 319 5202 l
339 5145 420 5200 Auch
438 5146 497 5199 hier
515 5146 552 5199 ist
567 5163 599 5198 co
616 5141 802 5216 geschriebeu.

213 5282 236 5325 ⁸
