3756 6158
242 475 302 538 590
749 469 799 520 Die
817 466 1004 519 medicinlecbe
1021 467 1147 521 Facultit.

327 658 375 720 33.
402 652 482 716 Item
515 661 680 737 promotus
707 652 741 715 in
766 648 987 714 baccalarium
1014 646 1176 712 facultatis
1196 647 1376 714 medicinae
1397 649 1432 713 in
1452 651 1661 715 universitate

246 753 436 839 Lipczensi,
460 761 630 837 postquam
659 761 844 834 assumptus
867 749 965 812 fuerit
990 747 1033 812 ad
1058 746 1229 832 legendum
1252 770 1312 834 pro
1333 747 1547 814 licenciatura
1566 749 1660 814 facul·

247 854 323 916 tatis
345 849 525 915 medicinae
546 859 578 913 et
595 847 711 933 legerit
730 869 791 934 pro
813 847 942 933 publico
965 846 1114 911 examine
1142 845 1387 929 licenciaturee,
1417 857 1555 931 extunc,
1580 860 1660 935 post-

245 974 340 1039 quam
370 958 534 1037 promotus
562 947 658 1011 fixerit
692 948 726 1009 in
765 945 927 1010 doctorem
967 944 1146 1010 medicinae
1175 946 1210 1008 in
1235 947 1445 1011 universitate
1480 947 1661 1035 Lipcaensi,

204 1062 220 1116 5
250 1048 445 1137 praecedere
477 1044 610 1111 habebit
640 1046 674 1108 in
706 1043 777 1109 loco
809 1043 983 1131 quemlibet
1013 1043 1176 1108 doctorem
1207 1044 1386 1110 medicinae
1418 1056 1604 1134 promotum
1631 1051 1660 1110 iu

248 1149 409 1214 doctorem
433 1144 611 1209 medicinae
635 1146 668 1208 in
690 1143 756 1209 alia
776 1145 1003 1222 universitate,
1025 1144 1087 1207 nisi
1109 1141 1183 1207 talis
1212 1142 1324 1209 doctor
1355 1144 1488 1212 alterius
1509 1147 1660 1211 universi·

246 1249 323 1313 tatis
358 1249 391 1310 in
425 1245 635 1309 universitate
663 1243 837 1329 Lipczensi
868 1254 943 1307 ante
974 1241 1202 1307 admissionem
1238 1243 1381 1308 eiusdem
1413 1244 1593 1310 baccalarii
1623 1245 1660 1309 ad

245 1345 413 1411 licenciam
441 1352 527 1409 esset
552 1350 832 1429 praeassmnptus;
864 1341 916 1406 bic
944 1341 1028 1406 enim
1058 1340 1132 1405 talis
1160 1340 1282 1424 doctor,
1310 1341 1364 1408 hic
1393 1344 1427 1407 iu
1454 1344 1661 1409 universitate

245 1444 418 1532 Lipczensi
439 1452 623 1530 promotus,
645 1440 743 1505 talem
765 1439 928 1505 doctorem
956 1438 1095 1504 alienum
1122 1444 1213 1528 sequi
1239 1439 1355 1524 debet,
1390 1443 1495 1508 eciam
1531 1445 1560 1507 si
1593 1454 1660 1507 ante

206 1555 238 1610 10
247 1545 350 1631 ipsius
380 1540 522 1607 doctoris
552 1539 594 1605 ad
622 1539 807 1605 facultatem
837 1538 1017 1605 medicinae
1045 1540 1303 1627 assumpcionem
1332 1539 1375 1604 ad
1402 1541 1579 1628 legendum
1608 1565 1661 1629 pro

247 1643 382 1708 licencia
400 1650 485 1706 esset
505 1638 675 1704 admissus.
717 1638 877 1703 Doctores
900 1648 1005 1703 autem
1027 1637 1080 1702 hic
1101 1640 1241 1725 promoti
1264 1638 1368 1704 locum
1390 1639 1535 1706 habeant
1558 1663 1661 1705 secun·

247 1742 323 1807 dum
346 1741 564 1828 primogenita
584 1740 729 1825 ipsorum
751 1736 794 1801 ad
815 1736 985 1802 licenciam
1007 1738 1277 1824 assumpcionum.

327 1947 375 2008 34.
405 1939 485 2003 Item
513 1935 731 2002 doctorandus
761 1937 794 2001 in
825 1934 882 2001 illa
910 1936 1120 2000 universitate
1150 1944 1295 2023 tempore
1328 1959 1407 2003 suae
1447 1941 1664 2026 promocionis

244 2040 335 2106 dabit
356 2041 497 2124 quinque
519 2037 657 2101 florenos
678 2035 824 2100 rinenses
846 2033 974 2100 famulis
996 2037 1226 2103 universitatis.

206 2251 237 2304 u
329 2244 378 2305 35.
408 2237 488 2301 Item
509 2234 615 2300 nullus
635 2233 803 2298 doctorum
826 2235 868 2298 sit
890 2233 931 2298 de
952 2233 1086 2299 consilio
1114 2233 1274 2299 facultatis
1300 2235 1499 2320 medicinae,
1526 2238 1591 2303 nisi
1616 2237 1665 2302 hic

245 2343 278 2404 in
300 2337 510 2403 universitate
531 2333 583 2398 vel
603 2335 635 2398 in
656 2332 721 2397 elia
742 2357 834 2398 suum
855 2333 1021 2398 biennium
1039 2332 1248 2427 conpleverit,
1270 2343 1302 2399 ct
1323 2334 1384 2400 hoc
1406 2359 1464 2402 suo
1487 2336 1665 2402 iuramento

245 2435 455 2503 confirmabit.

328 2641 377 2703 36.
398 2636 479 2699 Item
501 2631 634 2718 quilibet
657 2630 896 2717 promovendus
918 2632 950 2695 in
971 2631 1175 2695 licenciatum
1197 2630 1361 2696 facudtatis
1384 2633 1568 2699 medicinae
1591 2644 1664 2698 tem·

247 2758 326 2824 pore
355 2733 513 2798 examinis
544 2730 684 2794 fiendae¹
712 2754 771 2816 pro
799 2730 1008 2794 licenciatura
1037 2729 1128 2794 dabit
1156 2754 1215 2817 pro
1246 2731 1434 2797 doctoribus
1463 2733 1505 2798 de
1534 2734 1664 2798 consilio

204 2835 411 2901 tofacultatis
433 2830 611 2895 medicinae
633 2829 845 2894 existentibus
868 2828 1038 2894 duodecim
1060 2829 1197 2894 florenos
1220 2831 1374 2899 rinenses.

328 3041 375 3101 37.
399 3033 477 3096 Item
492 3028 627 3117 quilibet
645 3027 881 3116 promovendus
903 3030 938 3092 in
960 3027 1179 3092 baccalarium
1202 3029 1362 3094 facultatis
1386 3029 1569 3096 medicinae
1591 3042 1662 3096 tem·

249 3157 327 3222 pore
349 3133 397 3196 sui
420 3130 579 3196 examinis
601 3151 659 3216 pro
680 3127 900 3192 baccalariatu
922 3126 1013 3191 dabit
1034 3149 1091 3191 sex
1114 3126 1250 3192 florenos
1274 3150 1450 3215 reynenses
1473 3153 1536 3217 pro
1558 3129 1663 3195 docto

249 3234 338 3299 ribus
360 3231 400 3296 de
421 3228 553 3296 consilio
576 3226 787 3292 existentibus
808 3226 970 3292 facultatis
992 3224 1145 3291 eiusdem.

330 3435 380 3499 38.
415 3429 497 3492 Item
525 3425 658 3513 quilibet
686 3426 954 3490 baccalariandus
986 3423 1257 3509 (uberqesclrieben
1290 3424 1528 3513 baccalarius),
1559 3429 1662 3492 volens

206 3529 435 3621 25promoveri
465 3529 498 3590 in
530 3525 742 3606 licenciatum,
773 3524 868 3588 debet
896 3526 1001 3610 primo
1024 3525 1170 3607 optinere
1200 3547 1219 3587 a
1250 3524 1435 3589 doctoribus
1464 3525 1507 3590 de
1534 3526 1662 3592 consilio

249 3629 411 3697 facultatis
432 3624 613 3690 medicinae
633 3628 774 3688 favorem
794 3622 922 3709 legendi
940 3645 999 3709 pro
1015 3622 1161 3702 licencia,
1184 3635 1214 3686 ct
1234 3632 1308 3709 post
1328 3623 1389 3688 hoc
1411 3625 1557 3690 favorem
1581 3650 1662 3690 assu·

247 3727 354 3794 mendi
377 3725 419 3791 ad
441 3723 584 3789 eandem.

332 3987 372 4042 So
406 3984 471 4040 ‘weit
504 3983 555 4038 dut
593 3979 639 4036 die
670 3987 746 4035 erute
778 3979 875 4035 Hand
905 3975 1109 4052 pescariebeQ
1153 3977 1200 4034 die
1230 3981 1397 4054 solyenden
1430 3981 1563 4039 Zued'tze
1603 3983 1666 4039 sind

248 4084 452 4160 Autoqraplra.

207 4243 240 4298 30
334 4235 383 4297 39.
414 4227 508 4292 Anno
537 4224 657 4288 domini
680 4220 963 4285 Μο000001Ὴιο
991 4220 1152 4285 sedecima
1184 4220 1236 4284 die
1263 4220 1457 4288 Decembris
1490 4232 1588 4303 (1465
1613 4233 1663 4288 den

253 4337 300 4398 ts.
324 4325 495 4411 December)
518 4322 700 4388 conclusum
723 4323 782 4384 fuit
804 4331 959 4385 statutum
981 4320 1084 4402 istud,
1107 4319 1258 4384 videlicet
1278 4321 1364 4405 quod
1387 4322 1497 4388 nullus
1520 4325 1664 4390 decctero

249 4432 427 4515 recipiatur
455 4424 497 4488 ad
525 4421 709 4486 facultatem
738 4420 933 4502 medicinae,
965 4421 1026 4482 nisi
1057 4442 1114 4505 per
1142 4421 1311 4485 triennium
1340 4421 1384 4486 ad
1414 4426 1521 4487 minus
1552 4427 1585 4489 in
1607 4425 1666 4489 alia

249 4528 458 4595 universitate
484 4524 609 4587 famosa
637 4522 762 4583 steterit
791 4528 823 4582 et
851 4518 999 4583 doctores
1035 4519 1214 4582 medicinae
1242 4521 1406 4585 facultatis
1434 4521 1610 4608 diligenter
1636 4527 1666 4588 iu

249 4624 446 4692 leccionibus
469 4622 645 4700 audiverim
672 4630 704 4682 et
730 4619 788 4682 hoc
811 4640 868 4681 suo
891 4618 1069 4681 iuramento
1093 4618 1305 4683 confirmabit.
1348 4620 1393 4685 Et
1413 4621 1476 4686 hoc
1499 4621 1540 4686 de
1562 4622 1665 4689 docto·

208 4726 341 4792 acribus
362 4727 395 4788 in
419 4723 483 4787 alia
506 4721 715 4785 universitate
734 4720 890 4804 promotis
913 4726 1065 4782 statutum
1086 4724 1143 4780 est.

211 5058 540 5072 m*—

336 5143 345 5192 1
367 5137 445 5192 Docb
464 5137 532 5192 wohl
544 5136 640 5204 fiendi.
