3756 6158
248 491 309 558 428
733 495 783 545 Dis
805 495 1022 559 philosophiscbe
1039 498 1168 548 Facutttt.

248 678 296 740 27.
309 669 367 760 [Bl
382 670 455 761 27¹]
474 693 702 745 maausurun
718 697 880 763 suonnus,
901 697 968 747 rus
983 697 1216 747 rsconrsrsu
1227 698 1357 749 ancrnu
1371 697 1659 748 mmoumnrrsn

248 789 429 840 cosumus
462 793 508 840 ur
542 795 609 843 oss
642 797 808 847 sarronae
839 797 1024 846 onerosus
1055 798 1317 848 umvsssrrsrrs
1352 799 1586 848 ursmarus
1618 800 1658 846 nr

247 889 487 951 menusanum,
514 893 581 942 unc
602 895 675 943 nou
702 897 769 944 rsa
795 897 991 947 nrrscorun
1012 897 1330 948 unnsssnssnnsuu
1355 898 1595 947 asrmrcsrnu
1619 899 1659 946 sr

246 988 504 1057 courrnusrnu,
525 994 699 1044 russsuur
714 995 828 1046 esurus
848 999 893 1045 sr
916 997 1238 1048 smcm1uan1srs1
1258 1000 1423 1048 raucone
1437 997 1660 1046 nscsmmrns

204 1077 220 1133 5
246 1088 292 1136 ao
314 1088 502 1140 cousmmu
520 1093 647 1142 nrorss
668 1097 881 1147 succursus
901 1098 1031 1147 sacrun
1051 1099 1094 1148 sc
1113 1099 1437 1148 ommsnrcaucmrr
1458 1099 1496 1147 ns
1510 1098 1660 1163 surmus,

522 1193 598 1241 unu
619 1196 757 1243 rursus
779 1197 964 1248 u1cnucrau
982 1200 1173 1248 moramum
1193 1200 1229 1248 ru
1251 1199 1388 1248 sunau.

331 1326 432 1409 „Item
453 1328 535 1410 iuro,
557 1328 641 1414 quod
661 1352 820 1417 personae
839 1330 891 1398 vel
910 1333 1068 1420 personis,
1089 1344 1203 1400 contra
1229 1355 1327 1420 quam
1346 1329 1399 1396 vel
1422 1351 1508 1417 quas
1528 1328 1659 1395 facultas

247 1425 372 1489 arcium
393 1437 526 1514 propter
548 1451 623 1495 suos
644 1451 798 1496 excessus
819 1431 1025 1516 exclusionis,
1047 1433 1268 1521 suspensionis
1289 1429 1435 1496 seualis
1455 1429 1576 1516 quavis
1591 1449 1657 1493 con·

247 1525 347 1611 digna
369 1548 475 1613 poena
493 1531 688 1614 processerit
717 1539 774 1596 aut
808 1531 986 1618 procedere
1015 1532 1197 1618 contigerit,
1226 1530 1409 1620 nullatenus
1432 1528 1533 1595 velim
1560 1537 1659 1594 astare

210 1633 304 1689 toaut
326 1647 397 1690 eam
418 1626 469 1690 vel
491 1649 565 1708 eas,
608 1629 636 1692 si
668 1629 745 1717 quid
771 1640 884 1696 contra
911 1631 1031 1697 dictam
1048 1631 1233 1697 facultatem
1256 1631 1380 1695 arcium
1402 1638 1540 1716 propter
1561 1628 1658 1693 buius·

247 1723 334 1789 modi
347 1747 493 1811 poenam
515 1728 578 1793 sibi
598 1727 753 1795 inflictam
775 1739 935 1796 attentare
955 1730 1211 1819 praesumpserit
1230 1729 1285 1796 vel
1305 1728 1605 1816 praesumpserint,
1631 1728 1659 1792 in

173 1867 185 1894 s
249 1847 307 1889 suo
328 1827 494 1911 proposito
516 1827 745 1912 quovismodo
767 1829 957 1912 confortare·
970 1830 1022 1896 vel
1040 1830 1198 1896 adiuvare
1218 1849 1278 1893 nec
1300 1829 1400 1894 etiam
1428 1828 1569 1909 factum,
1600 1849 1658 1892 cor·

247 1932 313 1988 tam
335 1947 507 2020 personam
531 1949 587 1991 seu
609 1938 714 1993 certas
735 1951 890 2016 personas
912 1949 1125 2013 concernens,
1155 1930 1264 1994 facere
1284 1926 1458 1994 nacionals'
1478 1936 1535 1992 aut
1556 1935 1593 1992 ut
1611 1948 1659 1993 ns·

248 2023 373 2090 cionale
392 2024 451 2090 fiat
470 2025 546 2107 (boc
567 2035 625 2108 est,
645 2015 734 2115 quod
751 2029 845 2094 nscio
869 2051 940 2094 sese
968 2029 1009 2095 de
1035 2028 1219 2096 huiusmodi
1244 2027 1330 2092 facto
1355 2025 1567 2104 intromittat)
1595 2047 1658 2091 con·

209 2133 240 2188 15
248 2125 376 2206 sentire,
397 2145 458 2190 nec
478 2125 581 2190 eciam
603 2124 676 2191 aliis
696 2127 730 2190 iu
751 2126 838 2193 idem
859 2127 1138 2195 consencientibus
1168 2150 1229 2215 per
1248 2147 1300 2191 me
1319 2123 1374 2191 vel
1393 2123 1515 2207 alium,
1546 2123 1659 2190 directe

249 2222 303 2288 vel
324 2222 482 2290 indirecte
504 2247 562 2289 seu
582 2226 697 2312 quovis
715 2225 779 2291 alio
800 2227 905 2310 modo,
928 2227 1096 2294 consilium
1122 2227 1175 2292 vel
1201 2225 1359 2292 auxilium
1390 2231 1579 2312 praestare,
1608 2245 1660 2289 nec

254 2324 358 2387 eciam
380 2324 670 2389 convocacionibus
692 2333 749 2390 aut
768 2327 875 2391 verius
897 2326 1138 2409 conventiculis,
1158 2325 1215 2392 ubi
1236 2323 1316 2391 talia
1330 2323 1453 2391 fierent
1474 2335 1533 2390 aut
1552 2334 1659 2390 tracta

249 2430 370 2504 rentur,
389 2421 630 2506 quomodolibet
650 2424 815 2506 interesse,
839 2426 899 2491 sub
923 2448 1029 2515 poena
1055 2427 1190 2514 periurii
1210 2447 1250 2490 ac
1271 2433 1450 2511 perpetuas
1471 2422 1659 2490 exclusionis

249 2543 270 2586 a
291 2520 424 2587 consilio
443 2522 606 2588 facultatis
624 2523 758 2611 arcium,
779 2525 807 2589 si
828 2526 1008 2616 membrum
1030 2525 1174 2592 eiusdem
1193 2525 1295 2606 firmo,
1314 2532 1371 2616 aut
1392 2524 1594 2611 privacionis
1604 2523 1658 2588 loci

207 2629 281 2687 20et
302 2621 470 2686 carenciae
490 2622 632 2688 omnium
653 2622 940 2690 emolumentorum
963 2626 1129 2712 praefatae
1147 2624 1311 2690 facultatis
1342 2623 1470 2688 arcium
1497 2643 1539 2688 ac
1566 2621 1657 2688 eciam

250 2728 380 2810 actuum
397 2719 643 2807 magistralium,
666 2723 695 2787 si
715 2732 810 2789 extra
821 2724 989 2791 consilium
1010 2723 1215 2813 saepedictae
1226 2721 1391 2788 facultatis
1407 2722 1536 2787 arcium
1549 2721 1658 2787 fnsr0.“

248 2890 299 2953 28.
330 2901 515 2952 suarnruu
543 2868 681 2955 cousus
701 2880 908 2956 omaronus
928 2909 998 2957 sur
1023 2906 1314 2957 rsnsmrcsroass
1336 2882 1576 2967 srsrurosnju
1600 2903 1657 2951 vm

251 3001 506 3053 cononnsoauu
538 3005 575 3052 ns
601 3006 714 3054 meins
751 3005 966 3056 rscnnrsms
1000 3007 1130 3056 ancmu
1161 2999 1235 3054 nou
1267 3005 1343 3054 susa
1376 3001 1655 3053 roscemannus

499 3104 615 3154 csusrs
637 3105 904 3170 mscnnronuu,
926 3106 1067 3185 sacrun
1085 3089 1179 3155 auno
1200 3104 1277 3154 arc.
1302 3088 1408 3154 1490.¹

209 3241 242 3298 25
331 3232 417 3314 Quia
436 3234 575 3302 facultas
607 3239 731 3302 arcium
758 3247 892 3326 propter
920 3237 1123 3326 quorundam
1150 3235 1390 3318 conclusorum,
1420 3235 1457 3300 in
1489 3233 1575 3301 libro
1602 3235 1656 3299 iam

250 3333 355 3400 dictae
374 3335 537 3401 facultatis
557 3358 617 3422 pro
639 3339 796 3402 memoria
816 3360 925 3403 rerum
951 3348 1115 3425 gestarum
1143 3359 1182 3402 ac
1208 3336 1293 3402 bono
1322 3344 1409 3400 statu
1437 3333 1584 3400 eiusdem
1603 3355 1656 3398 non

251 3435 319 3498 sine
339 3433 591 3501 racionabilibus
615 3438 721 3502 causis
743 3460 802 3524 per
823 3436 963 3503 decanos
979 3439 1092 3524 vigore
1107 3435 1271 3502 cuiusdem
1293 3435 1406 3500 statuti
1419 3435 1521 3500 iurati
1535 3433 1656 3518 inscrip

253 3543 368 3615 torum,
383 3533 589 3618 delacionem,
605 3537 828 3618 exscisionem,
844 3536 1087 3619 laceracionem,
1104 3531 1634 3621 cancellacionem·certorumquef
1648 3564 1656 3575 ·

250 3631 365 3697 liorum
378 3634 722 3700 conbituminacionem
735 3646 793 3701 etc.
805 3637 973 3701 retroactis
987 3636 1185 3723 temporibus
1199 3632 1420 3720 multipliciter
1433 3633 1468 3697 in
1481 3629 1567 3721 [27¹³]
1583 3630 1656 3719 quie

210 3741 328 3815 30tata,
349 3732 489 3815 turbata,
504 3734 674 3800 molestata
688 3734 860 3823 multisque
872 3735 1028 3821 gravibus
1047 3757 1087 3800 ac
1102 3733 1268 3799 inutilibus
1290 3733 1444 3819 expensis
1465 3730 1657 3796 damnificata

252 3831 438 3914 dinoscitur,
460 3855 499 3898 ea
522 3843 666 3921 propter,
689 3844 725 3899 ut
744 3835 928 3900 huiusmodi
941 3834 1119 3913 incomodis
1132 3856 1171 3898 ac
1185 3832 1312 3898 damnis
1324 3833 1360 3897 iu
1377 3832 1521 3897 futurum
1544 3850 1656 3895 snecm·

251 3940 342 3996 ratur
362 3931 539 4019 honorique
559 3955 598 3997 ac
619 3933 751 3998 utilitati
773 3932 879 3998 dictae
901 3933 1063 3998 facultatis
1085 3935 1208 3998 arcium
1222 3931 1395 3998 salubriter
1410 3930 1605 4012 conssulatur,
1623 3948 1656 3991 ne

251 4052 376 4117 quoque
397 4030 476 4095 talia
497 4041 552 4097 ant
573 4032 754 4098 consimilia
774 4031 933 4116 decetero,
956 4033 1050 4098 sicuti
1071 4035 1171 4120 prius,
1194 4033 1383 4118 contingant
1394 4041 1471 4114 etc,
1495 4031 1605 4096 statuit
1622 4049 1655 4092 ac

251 4129 414 4194 ordinavit
435 4129 523 4196 dicta
542 4131 679 4197 facultas
701 4133 829 4214 arcium,
844 4132 1134 4220 praesentibusque
1154 4133 1267 4197 statuit
1288 4153 1328 4197 ac
1341 4129 1482 4212 ordinat,
1498 4127 1583 4217 quod
1599 4124 1656 4192 nul·

209 4229 298 4294 35lus
334 4228 529 4294 decanorum
560 4230 611 4295 vel
643 4233 872 4317 magistrorum
904 4233 939 4295 in
975 4231 1027 4297 vel
1057 4239 1151 4296 extra
1172 4231 1341 4296 consilium
1362 4227 1529 4295 facultatis
1549 4227 1655 4293 arcium

253 4327 405 4415 deinceps
428 4328 559 4416 aliquod
581 4339 733 4395 statutum
755 4330 807 4395 vel
827 4329 1028 4411 conclusum,
1053 4332 1088 4395 in
1115 4329 1207 4395 libris
1238 4338 1432 4395 statutorum
1453 4336 1487 4393 et
1509 4324 1654 4393 concluso

251 4450 326 4492 rum
347 4426 490 4492 eiusdem
510 4429 672 4495 facultatis
695 4453 754 4517 pro
774 4431 930 4496 memoria
950 4452 1058 4494 rerum
1079 4439 1244 4515 gestarum
1266 4450 1306 4493 ac
1325 4426 1413 4494 bono
1434 4437 1522 4494 statu
1535 4423 1653 4492 faculta-

253 4529 295 4591 tis
316 4528 439 4591 arcium
459 4527 666 4614 inscriptum,
696 4529 821 4612 delere,
854 4528 1060 4610 exscindere,
1089 4526 1287 4609 cancellare,
1308 4526 1457 4592 lacerare
1477 4537 1535 4592 aut
1555 4523 1653 4613 quovis

253 4625 317 4692 alio
339 4625 433 4692 modo
455 4628 578 4692 viciare
600 4650 665 4710 seu,
687 4639 722 4693 ut
742 4629 823 4695 haec
844 4636 900 4691 aut
920 4625 1056 4692 alterum
1070 4627 1185 4692 horum
1194 4625 1262 4708 fiat,
1283 4627 1483 4714 permittere,
1505 4623 1653 4692 consulere

213 4725 304 4790 torel
328 4724 567 4814 quomodolibet
587 4729 767 4793 consentire
787 4736 983 4814 praesumat,
1012 4727 1076 4791 nisi
1102 4733 1361 4813 praememorata
1389 4725 1528 4792 facultas
1548 4723 1651 4790 mcum

341 4996 350 5045 l
368 4991 500 5048 Nicolsus
519 4990 657 5047 Schrsiter
673 5008 723 5046 aus
734 4990 858 5062 Koburg,
870 4989 919 5044 der
930 4992 1015 5044 tatto
1028 4988 1126 5044 Decan
1139 5005 1203 5057 war,
1214 4969 1293 5043 batte
1303 4952 1357 5043 den
1370 4989 1457 5045 Libas
1473 4987 1643 5044 coaeum

253 5072 390 5146 gefelscbt
431 5075 495 5146 Vgl.
514 5075 586 5132 oben
605 5074 634 5132 S.
656 5080 712 5142 114,
729 5079 762 5130 16
778 5073 817 5146 fg.
851 5072 936 5130 Wobl
953 5071 1024 5128 ohne
1041 5067 1247 5143 magenerus
1263 5072 1338 5128 disse
1364 5072 1526 5146 Ftlscbung
1540 5070 1585 5127 du
1599 5078 1642 5121 τοῦ

254 5157 313 5213 Iob.
331 5157 425 5228 Fabri,
443 5161 541 5216 Decsn
560 5164 633 5227 1486,
651 5158 863 5232 Eingstrsgene.
896 5156 961 5228 Vgl.
981 5155 1051 5211 oben
1070 5154 1098 5210 S.
1119 5161 1176 5226 121,
1193 5161 1224 5212 25
1242 5155 1282 5228 fg.
