3810 6150
701 497 750 545 Dio
769 496 886 547 Statnten
906 512 966 546 vom
983 498 1066 547 Jahre
1089 496 1160 547 1543.
1578 501 1639 564 295

225 684 312 760 punt.
352 674 489 741 Dabunt
509 677 609 762 igitur
630 679 779 765 magistri
800 701 943 765 operam,
970 688 1005 743 ut
1033 679 1079 742 ita
1108 676 1283 741 educentur
1305 677 1463 764 discipuli,
1492 702 1533 744 ne
1559 680 1638 745 mul-

223 786 286 840 tum
310 775 492 864 loquantur,
518 784 553 840 ut
580 777 722 861 garritus
748 789 779 841 et
799 777 1011 864 loquacitates
1032 779 1116 842 inter
1137 777 1226 863 ipsos
1249 788 1506 863 compensentur,
1529 801 1638 844 coram

223 897 297 940 vero
321 898 357 939 se
384 885 480 963 atque
502 875 574 939 aliis
596 875 708 955 doctis,
737 899 757 940 a
784 876 899 963 quibus
928 887 1037 943 errata
1065 877 1098 940 in
1125 875 1285 963 loquendo
1308 875 1472 941 emendari
1502 879 1637 964 possint,

222 973 322 1039 latina
341 973 453 1060 lingua
473 977 520 1040 uti
541 985 664 1061 cogent.
686 976 724 1040 ln
746 976 876 1064 reliquis
898 975 1022 1041 dabunt
1043 982 1187 1063 operam,
1208 986 1244 1040 ut
1265 984 1464 1061 compertum
1485 976 1639 1059 habeant,

222 1096 283 1138 non
317 1072 414 1139 modo
445 1073 522 1159 quid
557 1083 656 1160 agant
688 1073 745 1138 sed
780 1075 878 1140 etiam
910 1075 988 1162 quid
1020 1075 1192 1163 loquantur
1230 1073 1391 1162 discipuli.
1431 1075 1638 1140 Potissimum
1663 1086 1679 1139 5

223 1174 306 1237 enim
327 1196 473 1240 sermone
494 1174 673 1261 produntur
695 1173 834 1260 ingenia.
878 1174 950 1257 Quo
972 1177 1076 1242 maior
1098 1198 1176 1241 cura
1198 1186 1232 1240 et
1258 1176 1392 1240 attentio
1414 1174 1488 1240 huie
1512 1175 1560 1241 rei
1574 1173 1639 1241 'ad-

224 1271 364 1339 hibenda
383 1283 440 1338 est

851 1393 960 1456 Caput
976 1393 1027 1443 XI.

300 1523 339 1589 Si
359 1525 588 1613 magistrorum
608 1533 746 1613 quatuor
767 1525 907 1608 monitis,
929 1524 1135 1613 castigationi
1154 1533 1187 1590 et
1209 1523 1485 1589 animadversioni
1508 1545 1638 1589 conces-

222 1645 274 1688 sae
301 1624 483 1710 refragatus
504 1623 621 1709 aliquis
642 1625 747 1706 fuerit,
776 1626 805 1689 is
825 1635 994 1690 accusator
1014 1623 1103 1710 apud
1130 1623 1315 1710 praesidem
1343 1625 1537 1710 primarium
1565 1646 1637 1689 oon·
1650 1635 1681 1689 10

221 1721 358 1788 tubernii
379 1732 412 1790 et
437 1725 590 1810 puniatur
611 1722 745 1789 arbitrio
764 1724 859 1789 illius.
904 1725 940 1788 Si
966 1733 1075 1788 tamen
1104 1725 1237 1807 gravam
1260 1744 1295 1787 se
1316 1723 1448 1809 putarit,
1478 1723 1576 1789 liceat
1596 1724 1640 1788 ad

220 1825 354 1889 rectoris
390 1822 577 1889 academiae
610 1825 826 1908 cognitionem
855 1840 1051 1910 provocare,
1087 1823 1177 1887 cuius
1206 1830 1275 1887 tum
1306 1823 1466 1888 sententia
1497 1822 1539 1888 lis
1570 1833 1640 1889 tota

220 1922 413 1987 concidetur.

827 2042 936 2105 Caput
953 2041 1021 2093 XII.

298 2172 449 2260 Magistri
470 2175 567 2239 etiam
591 2184 728 2261 quatuor
749 2174 826 2239 dent
847 2195 989 2261 operam,
1014 2184 1051 2238 ut
1077 2194 1202 2238 morum
1227 2170 1429 2238 honestatem
1455 2182 1487 2239 et
1509 2173 1679 2260 elegen-15

218 2273 312 2355 tiam,
346 2274 487 2338 maxime
519 2273 595 2337 dum
622 2273 714 2339 cibus
742 2275 879 2360 capitur,
913 2275 1027 2360 utque¹
1054 2273 1163 2360 ipsum
1190 2294 1284 2337 suum
1310 2271 1474 2357 quoddam
1504 2296 1635 2339 mamae

217 2369 369 2436 decorum
390 2393 501 2438 omnes
521 2382 658 2438 servent.
681 2374 846 2461 Imprimis
864 2371 1022 2438 clamores
1044 2371 1198 2437 aberunt²
1219 2381 1251 2436 et
1270 2371 1534 2438 tumultuationes
1556 2375 1639 2437 vita·

218 2469 343 2534 buntur.
382 2471 451 2558 Ipsi
474 2473 570 2536 etiam
598 2474 757 2559 magistri,
786 2474 954 2559 imperitos
975 2470 1053 2557 quid
1074 2471 1190 2536 deceat
1210 2468 1365 2552 docendo,
1394 2494 1459 2537 non
1481 2471 1638 2537 facientes

218 2568 419 2655 castigando,
450 2571 615 2658 improbos
644 2582 676 2637 et
705 2572 919 2638 detrectantes
948 2570 1143 2654 mulctando,
1169 2580 1374 2636 contumaces
1400 2571 1488 2658 apud
1517 2572 1640 2657 praesi-

218 2668 290 2734 dem
312 2670 514 2736 contubernii
536 2670 745 2737 aocusando³.
1647 2679 1682 2734 20

825 2825 933 2909 Caput
948 2823 1038 2873 XIII.

299 2951 449 3035 Mulctae,
483 2976 565 3040 quac
595 2979 616 3020 a
643 2956 845 3022 contubernii
872 2955 986 3021 incolis
1015 2954 1057 3020 ob
1084 2954 1203 3020 delicta
1231 2953 1476 3021 contubernalis
1504 2965 1638 3021 exactae

218 3052 352 3135 fuerint,
374 3074 429 3117 eas
452 3056 600 3141 magistri
623 3068 759 3144 quatuor
782 3054 919 3141 singulis
941 3055 1034 3120 annis
1054 3056 1138 3119 inter
1161 3076 1196 3119 se
1218 3055 1335 3140 partiri
1356 3063 1515 3140 poterunt.

831 3258 942 3322 Caput
958 3257 1040 3310 XIV.

300 3385 337 3452 Si
358 3385 438 3475 quid
458 3387 672 3472 statuendum,
694 3387 923 3473 mandandum,
945 3386 1135 3454 edicendum
1156 3395 1285 3475 praeter
1305 3410 1353 3471 oa,
1374 3409 1457 3476 quae
1476 3386 1538 3452 hoc
1558 3395 1680 3455 tem-25

218 3508 296 3572 pore
318 3494 449 3570 statuta,
478 3487 642 3572 mandata,
663 3488 768 3554 edicta
790 3498 872 3571 sunt,
894 3490 999 3553 visum
1020 3488 1125 3572 fuerit,
1152 3488 1187 3551 in
1208 3509 1245 3552 eo
1268 3509 1378 3551 omnes
1400 3485 1543 3550 debitam
1564 3486 1638 3551 obe·

219 3585 370 3650 dientiam
392 3586 611 3674 praestabunt.
639 3588 725 3653 Nihil
749 3598 856 3654 autem
875 3587 926 3654 vel
947 3586 1096 3652 addendo
1118 3585 1170 3651 vel
1191 3584 1389 3651 detrahendo
1409 3585 1461 3652 vel
1483 3587 1637 3651 mutando

218 3685 400 3769 novabitur,
428 3687 490 3750 nisi
512 3686 553 3750 de
574 3689 734 3752 communi
756 3687 890 3754 consilio
911 3689 1046 3755 rectoris
1068 3687 1289 3752 universitatis
1309 3693 1438 3751 nostrae
1461 3694 1492 3749 et
1514 3685 1637 3750 decem·

219 3785 361 3852 virorum
382 3795 415 3852 et
435 3789 664 3874 magistrorum
686 3799 822 3873 quatuor
844 3787 1080 3875 praefectorum
1102 3785 1376 3855 administrationi
1397 3783 1610 3853 contubernii.

831 3989 942 4054 ceput
962 3989 1026 4043 xv.
1294 3973 1297 3982 '
1648 3994 1682 4050 so

299 4117 336 4184 Si
355 4119 411 4207 qui
431 4117 472 4183 de
492 4119 656 4206 magistris
677 4128 815 4204 quatuor
836 4121 997 4186 communi
1017 4140 1129 4185 mensa
1149 4119 1196 4184 uti
1216 4118 1387 4199 voluerint,
1414 4119 1582 4205 superiore
1604 4119 1639 4183 in

218 4215 287 4282 loco
308 4216 355 4282 illi
382 4215 527 4283 assidere
549 4228 580 4282 et
602 4218 751 4306 exemplo
777 4240 835 4301 suo
862 4219 905 4285 ad
934 4219 1127 4305 elegantiam
1147 4240 1272 4283 morum
1294 4217 1471 4305 discipulos
1500 4220 1639 4283 invitare

219 4315 342 4381 debent
383 4316 491 4404 Atque
511 4326 579 4381 tum
603 4341 640 4384 eo
661 4318 744 4400 cibo,
767 4320 821 4405 qui
846 4316 919 4382 aliis
941 4316 1082 4397 dabitur,
1104 4319 1245 4382 contenti
1271 4328 1373 4399 erunt,
1394 4318 1457 4382 nisi
1478 4317 1561 4382 forte
1582 4315 1639 4380 ali·

219 4416 308 4479 enius
329 4414 481 4480 valetudo
510 4427 638 4502 poscat,
667 4427 703 4481 ut
732 4417 861 4483 diverso
890 4414 963 4482 cibo
989 4425 1113 4482 utatur:
1145 4438 1217 4481 eum
1243 4417 1310 4481 siris
1337 4417 1494 4482 sumtibus
1525 4439 1640 4503 parere

218 4516 344 4600 poterit.
386 4514 422 4579 Si
447 4512 582 4603 quando
615 4517 713 4580 etiam
743 4516 795 4581 vel
831 4526 997 4581 externum
1027 4515 1080 4581 vol
1118 4514 1216 4580 alium
1248 4515 1416 4581 honestum
1452 4525 1485 4580 et
1518 4514 1681 4581 bonumss

217 4612 323 4678 virum
352 4613 556 4678 invitandum
583 4613 713 4680 illorum
741 4613 857 4702 aliquis
884 4615 1025 4703 putavit,
998 4613 1183 4698 tlioebit,
1213 4625 1249 4680 ut
1278 4622 1372 4681 extra
1400 4615 1544 4680 ordinem
1572 4618 1638 4680 suis

224 4711 381 4776 sumtibus
403 4711 528 4798 aliquid
550 4723 680 4779 curata
701 4716 887 4801 praeposito
907 4712 1141 4801 apparandum.

301 4916 313 4966 I
332 4908 520 4968 Geaohdeben
538 4910 612 4966 steht
626 4917 657 4965 at
673 4928 749 4981 qaae.

299 4993 518 5051 IGeschrieben
537 4994 610 5049 steht
626 4996 739 5049 oderint

297 5077 464 5134 30IIenbar
480 5078 550 5135 fehlt
567 5084 654 5134 etwas
670 5080 737 5135 oder
755 5096 786 5134 es
801 5079 839 5134 iat
854 5077 899 5134 ein
916 5077 1015 5134 Fehlar
1028 5077 1195 5135 vorbandan.
1223 5079 1334 5151 Vogel's
1350 5078 1496 5136 Absolrrilt
1514 5081 1552 5137 ist
1570 5028 1626 5137 fast

216 5161 428 5235 durebssahmds
436 5158 636 5235 unbegreiflich
651 5163 762 5223 sinnloe
781 5161 831 5221 Ott
846 5161 896 5220 liat
908 5163 987 5235 jedes
996 5163 1079 5223 Wort
1094 5180 1150 5219 von
1160 5162 1214 5221 mir
1229 5163 1381 5223 readtuiat
1391 5167 1628 5227 consumtum.
