3756 6158
246 491 305 557 16ss
800 487 854 536 Der
872 485 1106 537 Statutenentwuri

244 670 381 737 ecclesia
411 669 514 735 sancti
537 668 587 734 .N.
609 669 813 750 conveniant,
834 667 957 754 vigiliis
977 666 1099 733 ibidem
1119 666 1342 752 decantandis,
1373 677 1406 734 ct
1431 689 1506 734 cras
1527 666 1609 733 hora
1631 688 1667 733 ,n

244 772 353 836 missis
383 768 464 835 inibi
491 766 696 835 celebrandis
724 789 796 833 sese
824 765 1038 854 personaliter
1067 767 1231 835 offerendo
1258 777 1481 856 praesentent,
1517 768 1667 835 consimi-

244 871 325 936 lium
354 892 489 956 operum
519 870 652 957 pietatis
683 866 967 956 participationem
997 875 1074 954 post
1104 866 1219 933 funera
1249 891 1310 934 sua
1338 869 1503 956 gavisura
1543 866 1667 936 Datum

242 979 423 1037 rectoratus
445 968 506 1036 sub
527 967 666 1055 sigillo.“

510 1119 554 1184 Et
573 1119 724 1208 quoniam
746 1139 787 1183 ex
807 1117 902 1184 iustis
922 1115 1128 1183 Bavarorum
1148 1118 1237 1186 natio
1260 1119 1367 1186 causis

554 1218 648 1284 Fecit
669 1228 701 1283 et
721 1218 861 1283 instituit
880 1217 943 1284 hoc
964 1217 1098 1305 pietatis
1118 1240 1210 1305 opus,

510 1318 664 1407 Expedit,
685 1327 721 1382 ut
740 1326 879 1404 protunc
901 1316 1033 1404 pietatis
1055 1339 1138 1404 opus
1158 1306 1347 1405 peragendo

558 1416 703 1499 Quilibet
723 1414 787 1483 biis
807 1414 958 1483 Bararus
978 1417 1060 1483 assit
1080 1417 1116 1482 in
1136 1414 1255 1484 offitiis.
1289 1481 1307 1507 ,

798 1514 892 1582 Haec
910 1514 1065 1582 Werdea.
1219 1505 1225 1516 ἃ
1280 1517 1284 1526 “

205 1847 236 1902 10
328 1839 397 1914 slus
413 1841 467 1898 der
487 1837 645 1899 Boouata
667 1831 729 1922 [Bt.
751 1833 803 1922 5¹³]
830 1840 883 1899 tut
904 1837 968 1898 εἰπε
987 1839 1109 1914 spuma
1128 1835 1233 1908 Haud,
1260 1833 1315 1894 wie
1336 1833 1396 1894 mir
1416 1834 1531 1897 sebaim
1551 1832 1600 1894 dia
1619 1796 1671 1893 das

249 1940 353 2000 Utrict
374 1938 522 2010 Steudler,
545 1939 603 1997 den
615 1939 783 2016 sulcandas
802 1938 963 1999 Beacbluas
984 1937 1191 2015 eiupetraqenr
1505 1949 1509 1956 ·

406 2106 451 2168 13.
480 2116 669 2166 srsruruu
688 2099 981 2168 counrruu'rosn
1002 2114 1139 2166 unsrun
1158 2113 1329 2165 ramcms
1351 2111 1506 2163 cronon.

328 2231 468 2313 Quando
488 2234 523 2297 in
546 2232 794 2301 Lutheranismo
816 2255 853 2299 eo
875 2239 1067 2320 perventum
1088 2239 1152 2313 est,
1178 2241 1217 2298 ut
1243 2251 1348 2319 neque
1377 2227 1526 2317 corporis
1548 2226 1672 2296 obusti

247 2333 363 2397 festum
394 2329 574 2398 celebretur
602 2331 742 2420 amplius
769 2354 873 2421 neque
898 2332 1040 2399 nationis
1071 2329 1227 2397 candelae
1253 2326 1535 2412 circumferantur,
1562 2325 1671 2416 placet

206 2443 236 2497 15
247 2431 384 2513 nationi,
412 2439 450 2497 ut
477 2430 683 2497 nihilominus
714 2431 778 2497 duo
806 2431 970 2519 magistri,
998 2453 1079 2520 quos
1106 2428 1292 2496 collectores
1321 2435 1454 2523 vocant,
1480 2430 1549 2493 non
1577 2446 1669 2495 secus

246 2542 343 2619 atque
364 2540 440 2595 ante
461 2531 585 2595 astricti
613 2532 678 2596 sint
699 2553 720 2596 a
748 2529 883 2617 singidis
904 2531 1046 2598 nationis
1074 2538 1206 2597 nostrae
1234 2527 1388 2609 studiosis
1413 2525 1510 2594 binos
1538 2548 1669 2615 grossos

246 2631 388 2717 exigere,
411 2651 492 2716 quos
513 2630 547 2693 in
569 2652 641 2695 eum
662 2652 756 2695 usum
777 2631 907 2697 interim
928 2639 1056 2696 vertare
1075 2630 1165 2696 natio
1189 2626 1295 2711 debet,
1317 2635 1362 2711 ut,
1383 2626 1506 2715 siquis
1526 2625 1668 2695 Bavarc

247 2752 318 2796 rum
339 2727 429 2815 apud
449 2751 509 2794 nos
530 2729 613 2793 inter
635 2727 798 2795 studiosos
817 2730 936 2795 misere
956 2728 1189 2813 succumberet,
1218 2726 1339 2795 habeat
1366 2726 1456 2792 natio
1485 2722 1577 2814 quod
1597 2747 1667 2814 pro

246 2827 297 2893 cul
327 2850 347 2892 a
374 2825 564 2914 parentibus
590 2836 622 2892 et
650 2828 766 2893 amicis
793 2827 998 2895 decumbenti
1017 2829 1051 2893 in
1071 2827 1128 2894 illa
1148 2824 1180 2916 [6
1188 2824 1215 2916 ·]
1238 2848 1297 2892 sua
1318 2832 1463 2917 egestate
1484 2822 1667 2914 suppedite

204 2936 308 3009 20tur,
329 2926 377 2991 ita
399 2935 506 2991 tamen
524 2934 561 2990 ut
580 2933 648 2992 tota
670 2949 734 3001 sua
750 2926 897 3015 supellex
925 2929 968 2992 sit
993 2928 1117 2994 nationi
1137 2927 1287 3015 pignoris
1307 2925 1378 2993 loco
1400 2945 1482 2999 cum,
1493 2944 1667 3013 praetege-

244 3029 313 3093 tiva
335 3034 410 3091 ante
429 3025 511 3091 alios
534 3026 601 3090 eius
624 3024 808 3094 creditores.
847 3025 921 3094 Hoc
944 3035 1098 3093 statutum
1115 3049 1175 3115 per
1195 3036 1298 3092 totam
1317 3025 1483 3092 nationem
1504 3020 1667 3091 conditum

247 3137 296 3192 est
318 3148 403 3193 anno
428 3129 507 3194 1539
529 3124 692 3191 dominica
712 3135 788 3213 post
806 3126 938 3198 uincula
956 3127 1057 3194 Petri.

636 3895 673 3961 B.
693 3896 773 3963 DIE
794 3894 1048 3965 POLNISOHE
1069 3894 1247 4005 NATIQN.

531 4084 553 4134 1.
575 4085 647 4136 DER
665 4083 1032 4165 STATUTENENTWURF
1049 4080 1129 4133 VOM
1147 4081 1264 4132 ‹JAHRE
1283 4079 1370 4134 1442.ι

207 4256 240 4311 25
545 4266 702 4316 sussum
723 4244 886 4316 nemoris
907 4264 1125 4315 rononoauu
1144 4263 1181 4311 m
1201 4247 1365 4312 uttecnu.²

331 4395 492 4477 Quoniam
519 4420 750 4488 nonnunquam
776 4421 860 4486 quae
891 4398 1076 4464 coniectura
1107 4396 1276 4484 profutura
1303 4396 1443 4464 credidit
1468 4395 1668 4484 subsequens

249 4496 457 4581 experiencia
477 4496 597 4563 clarius
618 4498 768 4582 inuretur,
789 4496 866 4564 hinc
886 4507 945 4580 est,
967 4496 1065 4582 quod,
1091 4494 1168 4563 licet
1187 4496 1229 4560 de
1249 4518 1334 4562 anno
1355 4494 1479 4563 domini
1499 4494 1668 4562 millesimo

249 4593 822 4683 quadringentesimovicesimotercio
854 4600 958 4674 (1423)
991 4594 1138 4684 deputati
1169 4595 1298 4660 buerunt
1328 4597 1478 4682 magistri
1508 4592 1669 4663 lohannes

249 4691 413 4783 Grosscop
438 4696 479 4762 de
499 4695 681 4783 Stregonia,
710 4719 824 4762 sacrae
845 4694 1028 4782 theologiae
1051 4693 1265 4779 baccalarius,
1293 4704 1326 4761 et
1350 4693 1513 4763 Iohannes
1532 4694 1667 4763 Sueecb·

324 4913 335 4964 1
357 4908 558 4968 Abschritilich
574 4913 698 4971 erhalten
720 4914 748 4970 in
765 4915 814 4972 der
830 4912 1014 4971 Handsobrift
1030 4914 1080 4970 der
1096 4911 1435 4972 Univusitatshibliotbsk
1455 4911 1527 4980 urs.
1546 4919 1604 4985 rte,
1624 4913 1666 4971 m

249 4995 318 5046 tot·
335 4992 374 5064 fg.
411 4994 475 5066 Vgl.
495 4997 629 5054 Urkundl.
649 4998 765 5065 Quellen
788 5001 815 5056 S.
834 5005 883 5056 719
900 5017 927 5054 u.
946 5003 1005 5054 735.
1039 4997 1093 5054 Die
1110 4995 1286 5071 Beaifferung
1304 4997 1353 5057 der
1368 4996 1570 5072 Parugraphen
1591 4997 1667 5054 rdbrt

252 5093 305 5130 von
325 5077 377 5130 mir
393 5076 450 5135 her.

329 5162 637 5220 aemssmdestsht:
672 5165 1632 5243 summissuroumaaumaeomuuwm
