3810 6150
729 449 862 501 marte
879 463 941 501 vom
955 449 1039 500 latre
1056 448 1132 504 4444.
1588 450 1649 515 367

263 747 409 827 Litera
431 720 590 812 domini
612 747 805 835 episcopi
834 745 1201 834 Meraeburgensis
1228 749 1387 815 directa
1404 746 1608 814 facultati

439 847 592 912 arcium
616 867 721 913 anuo
749 845 910 912 ιιιιιιι0
935 846 974 911 in
998 846 1108 914 festo
1134 850 1434 934 pentecostes.¹

305 996 484 1080 Iohannes,
509 995 562 1061 dei
588 1005 620 1062 et
646 994 827 1083 apostolica
860 996 974 1082 gracia
997 997 1174 1091 'episcopus
1199 995 1496 1085 Mersebnrgensis,
1525 992 1649 1060 cancel·

219 1095 321 1163 larius
339 1096 454 1162 unicus
470 1094 575 1163 almae
595 1095 822 1162 universitatis·
839 1094 937 1160 studii
947 1094 1154 1183 Lyptaensis,
1176 1095 1416 1163 venerabilibus
1437 1096 1528 1180 viris,
1550 1092 1649 1159 domi·

219 1197 272 1262 nis
294 1194 417 1262 decano
441 1204 475 1261 st
493 1195 659 1282 magistris
683 1194 724 1262 de
751 1194 886 1271 consilio
915 1193 1080 1261 sacsdtatis
1102 1196 1225 1262 arcium
1253 1195 1359 1262 dictae
1387 1193 1492 1262 almae
1520 1197 1647 1261 univer·
1674 1200 1690 1256 5

222 1295 328 1360 sitatis
346 1294 382 1360 'et
402 1293 486 1379 aliis,
508 1315 588 1384 quos
609 1295 852 1381 infrascriptum
873 1295 979 1382 tangit
999 1295 1179 1381 negocium,
1200 1297 1361 1381 sinceram
1374 1296 1409 1361 in
1425 1294 1555 1362 domino
1568 1292 1650 1359 cari·

220 1401 331 1459 tatem
370 1393 478 1461 Fama
507 1393 602 1462 nobis
634 1392 766 1481 publica
800 1393 959 1460 referente
994 1391 1139 1460 dolenter
1167 1396 1381 1484 percepimus,
1401 1393 1489 1482 quod
1509 1396 1544 1460 in
1564 1393 1650 1459 alma

220 1494 432 1560 universitate
444 1494 635 1583 Lyptaensi,
654 1502 757 1560 matre
776 1502 897 1577 nostra,
918 1494 965 1558 in¹
973 1492 1128 1560 facultate
1149 1495 1273 1561 arcium
1294 1494 1414 1561 multae
1435 1494 1555 1560 fuerint
1574 1514 1648 1581 pro·

219 1594 384 1660 mociones
404 1594 511 1660 minus
530 1592 675 1660 valentes
695 1601 813 1661 ettam
840 1591 1051 1680 multiplices,
1083 1601 1134 1677 ut,
1166 1597 1361 1661 enumeratis
1388 1594 1493 1661 dietae
1520 1595 1658 1659 univer·¹

223 1693 330 1759 sitatis
363 1694 558 1783 suppositis,
590 1694 750 1782 quasitot
771 1701 849 1781 quot
880 1692 946 1759 non
976 1691 1128 1779 graduati
1166 1694 1370 1782 reperiuntur
1398 1691 1568 1782 graduati3
1599 1693 1646 1757 ita
1656 1701 1687 1756 10

220 1791 318 1857 stiam
339 1791 576 1880 quodquidam
596 1791 725 1858 inutiles
745 1792 853 1881 ignari
874 1790 1014 1880 ydeotae
1035 1800 1067 1859 et
1087 1792 1193 1859 minus
1216 1792 1306 1881 digni
1327 1803 1573 1884 promoventur,
1605 1814 1647 1859 ex

221 1889 339 1976 quibus
379 1884 506 1964 levibus
564 1888 822 1980 promotionibus
872 1891 1069 1959 universitas
1108 1891 1183 1981 ipsa
1224 1890 1452 1982 vilipenditur,
1491 1892 1647 1961 scandula

221 1990 381 2075 oriuntur,
414 1991 619 2057 incommoda
644 1993 779 2057 veniunt
804 1992 972 2079 inopinata
977 2040 987 2075 ,
1022 1993 1146 2079 pariter
1179 2001 1211 2058 et
1242 1992 1430 2060 multorum·
1447 1993 1647 2060 detrimenta.

221 2087 413 2156 Praemissis
431 2099 464 2156 et
484 2090 557 2157 aliis
579 2093 686 2157 causis
705 2092 1010 2158 animumnostrum
1029 2100 1197 2158 moventes
1214 2091 1272 2181 (l),
1294 2115 1432 2160 examen
1444 2095 1647 2183 proximum,

224 2189 313 2253 cuius
334 2191 476 2276 apericio
500 2188 554 2256 die
575 2192 719 2257 crastina
740 2189 897 2256 celebrari
919 2189 1030 2274 debet,
1053 2199 1090 2256 ut
1109 2191 1226 2276 fertum,
1257 2186 1317 2280 pro
1339 2193 1401 2259 hac
1421 2193 1493 2259 vioe
1514 2216 1647 2283 suspen·
1657 2202 1688 2259 15

224 2285 327 2353 dimus
341 2310 381 2354 ac
394 2289 498 2373 vobis,
520 2289 649 2357 dominc
671 2289 794 2356 decano
814 2298 847 2355 et
860 2290 1037 2376 magistris,
1058 2293 1334 2358 examinacionem
1355 2294 1546 2374 auctoritate
1568 2314 1645 2380 apo·

224 2385 563 2456 stolioainterdicimus
584 2399 617 2456 et
635 2388 846 2479 inhibemus,²
867 2411 1031 2477 quousque
1048 2412 1114 2454 una
1133 2389 1304 2458 vobiscum
1324 2413 1365 2457 ac
1385 2392 1458 2458 aliis
1479 2394 1645 2480 magistris

226 2494 256 2550 et
282 2485 469 2554 doctoribus
498 2489 602 2576 ipsius
628 2488 849 2555 universitatis
879 2488 920 2553 ds
954 2488 1059 2555 modis
1087 2488 1122 2554 in
1157 2482 1457 2559 examinacionibus
1487 2491 1646 2558 habendis

225 2584 458 2654 commodosius
479 2590 641 2675 possimus
669 2586 860 2672 deliberare.
903 2588 1028 2654 Datum
1048 2586 1204 2658 Mersseb.
1226 2611 1311 2657 anno
1332 2589 1455 2657 domini
1476 2590 1645 2656 millesimo

224 2683 538 2773 quadringentesimo
566 2686 816 2776 quadragesimo
843 2697 959 2775 quarto
974 2688 1069 2753 xferio
1097 2688 1199 2754 tercia
1224 2691 1259 2754 in
1285 2690 1516 2773 festivitatibus
1536 2699 1688 2776 pente-20

225 2792 328 2851 costes
349 2780 447 2872 (1444
464 2789 614 2872 Dianam
631 2794 660 2852 a
681 2793 711 2855 2.
731 2791 831 2872 June),
852 2797 965 2854 nostro
984 2785 1207 2874 snbimpresso
1229 2788 1345 2876 sigillo.

310 2933 478 3038 Statuta
505 2966 649 3065 oblata
678 2994 750 3060 per
777 2971 1099 3086 commissarium
1129 2970 1324 3061 episcopi
1356 2972 1558 3041 facultati

472 3096 474 3101 ’
847 3092 1015 3139 arcium.

532 3217 661 3288 Sexta
686 3220 794 3287 feria
821 3227 1087 3310 pentecostes
1112 3240 1218 3286 anno
1236 3235 1375 3288 xn1111.

751 3354 831 3422 (1444
850 3357 956 3421 Freitag
970 3357 1022 3408 den
1039 3355 1063 3407 5.
1080 3350 1165 3422 duni.)
1401 3422 1404 3427 Ι
1651 3363 1685 3421 25

302 3485 463 3554 Dominus
489 3510 580 3555 meus
604 3491 774 3576 graciosns
801 3486 893 3555 dabit
920 3487 1003 3554 duos
1029 3486 1196 3571 doctores,
1229 3488 1285 3574 qui
1309 3496 1454 3576 tempore
1479 3490 1643 3560 electionis

221 3589 475 3654 examinatorum
495 3597 683 3675 praesentes
702 3588 921 3655 cssedebent.
1170 3636 1175 3643 -
1587 3630 1590 3635 ι

303 3685 342 3751 Ιιι
362 3707 499 3780 quorum
518 3689 711 3776 praesencia
730 3691 969 3757 examinatores
991 3708 1050 3774 per
1070 3695 1194 3755 sortem
1214 3685 1293 3774 eligi
1313 3685 1439 3756 debent

302 3783 431 3866 Quibus
451 3786 580 3873 electis,
602 3789 841 3855 examinatores
860 3788 896 3854 in
916 3809 1028 3854 eorum
1047 3787 1238 3874 praesencia
1258 3785 1377 3854 debent
1397 3788 1517 3873 iurare,
1537 3793 1642 3877 primo

219 3884 307 3970 qnod
331 3885 507 3981 incedam
537 3889 686 3955 examine
712 3887 835 3955 nullam
860 3887 1008 3954 fraudem
1036 3907 1094 3954 seu
1121 3876 1231 3953 dolum
1259 3886 1386 3975 quoad
1407 3890 1685 3958 examinandosto

220 3984 419 4052 committere
438 3985 548 4054 velint
1027 4061 1030 4068 ,
1190 3988 1192 3993 ’

302 4083 386 4153 Item
414 4085 501 4174 quod
526 4082 632 4153 nullus
658 4109 770 4154 eorum
796 4084 937 4174 aliquem
964 4085 1006 4152 de
1032 4082 1278 4167 examinandis,
1308 4093 1344 4152 ut
1370 4083 1432 4152 sub
1452 4107 1492 4153 eo
1512 4109 1642 4174 promo-

218 4178 344 4268 veatur,
365 4182 497 4253 allicere
518 4185 597 4252 velit
617 4208 676 4274 per
696 4209 732 4253 se
752 4185 805 4253 vel
825 4207 885 4273 per
908 4184 1009 4252 alium
1029 4185 1144 4273 quovis
1165 4181 1273 4250 modo.

287 4427 359 4491 le
374 4432 476 4490 bsdarf
500 4433 577 4491 einer
604 4433 794 4508 eingehesden
816 4430 1044 4507 Unterauchung‚
1068 4448 1116 4489 um
1144 4449 1180 4487 au
1208 4428 1393 4503 entscbsiden,
1416 4431 1453 4488 ob
1470 4430 1558 4490 dieser
1573 4430 1653 4492 Brief

218 4512 273 4572 den
288 4514 389 4574 beiden
406 4516 508 4590 obigen
523 4516 685 4576 Entvtirfen
708 4519 863 4592 vorauging
886 4519 952 4577 oder
970 4512 1138 4590 nmhfclgte.
1167 4512 1223 4571 Die
1234 4514 1327 4587 Klage
1344 4514 1414 4573 tiber
1429 4515 1475 4573 die
1488 4516 1650 4575 Promotion

219 4599 450 4674 Uaffiigsrvar
469 4596 1649 4678 beeurmmdutagaordnmgundaneteuunsunuem'mdiam

221 4683 315 4741 Briefe
332 4684 393 4742 eine
410 4685 482 4743 leste
497 4686 658 4761 Beseldung
680 4687 729 4745 des
744 4688 857 4744 Decsns
880 4687 1008 4760 munga
1029 4683 1109 4752 vird¹
1137 4682 1262 4757 gevshrt
1284 4685 1366 4742 ka'ne
1381 4684 1548 4756 Sicherheit,
1574 4687 1648 4744 dens

219 4768 293 4824 auch
312 4772 376 4852 4443
404 4770 479 4827 ward
507 4779 592 4828 muas
607 4770 777 4830 Aehnliches
804 4772 906 4834 bereits
933 4768 1104 4829 verbandelt
1141 4765 1192 4825 Ich
1211 4767 1285 4827 habe
1301 4768 1346 4825 die
1364 4768 1538 4841 Anordnung
1554 4769 1644 4828 baiba

218 4851 323 4924 holten,
338 4853 385 4911 dle
400 4855 446 4912 die
462 4854 650 4914 Handschrit't
663 4854 758 4914 bietet.
853 4864 855 4871 '
1115 4855 1118 4859 ’

306 4935 1648 5017 awumunuonsnm,saeeeamusesoenneaffiuavoenegsmen

215 5036 255 5078 au
273 5022 381 5080 verdon
397 5023 515 5098 pflegte,
540 5023 655 5083 dieamal
680 5033 737 5084 erat
759 5044 805 5084 am
821 5023 990 5083 Sonusbsnd
1005 5023 1053 5095 x(d
1071 5017 1096 5081 a
1113 5021 1193 5091 Juni)
1220 5020 1402 5096 atgebaltcn,
1427 5021 1562 5081 nachdem
1582 5036 1648 5082 man

216 5104 279 5165 also
296 5106 396 5166 verber
412 5099 465 5166 'mit
480 5108 543 5168 dam
563 5107 730 5171 Commissar
745 5110 794 5179 des
810 5107 941 5168 Bischots
957 5106 1151 5181 mterhendelt
1166 5105 1253 5166 hatte.
1286 5104 1315 5164 S.
1332 5112 1425 5166 unten
1484 5184 1489 5190 .
