3756 6158
250 475 309 538 548
758 470 808 520 Die
826 469 1010 533 theologische
1027 469 1154 520 Facultiit.

249 652 405 736 Magister
426 675 501 717 vero
524 652 557 714 in
579 652 713 735 artibus,
741 655 795 738 qui
824 653 924 739 prius,
955 673 1014 737 per
1040 652 1181 738 quinque
1210 672 1311 715 annos
1341 649 1446 716 scolas
1473 651 1670 738 theologicas

250 773 322 814 cnm
345 760 435 814 textu
455 750 627 832 visitanda,
655 751 780 816 audivit
801 773 974 831 cursorem,
997 751 1261 815 sentenciarium¹
1285 759 1316 815 et
1337 751 1530 836 magistrum
1559 751 1669 817 diebus

249 848 442 933 legibilibus,
470 848 512 914 ad
542 849 713 935 legendum
741 873 871 914 cursum
901 848 1105 931 admittatur;
1137 847 1195 912 sed
1222 849 1250 912 si
1278 850 1368 936 prius
1394 849 1495 914 nichil
1523 852 1557 913 in
1585 851 1669 915 theo—

248 947 336 1032 logia
358 947 493 1031 audivit‚
519 958 595 1013 tunc
616 959 742 1013 tenetur
769 972 827 1036 per
852 950 990 1035 quinque
1016 969 1117 1014 annos
1145 946 1258 1012 audire
1287 943 1462 1030 cursorem,
1493 951 1669 1014 sentencia-

208 1056 224 1110 5
250 1048 334 1110 rium
364 1057 395 1111 et
423 1049 612 1133 magistrum
647 1047 743 1113 modo
773 1046 966 1133 supradicto.
1006 1046 1185 1111 Licenciati
1218 1056 1323 1111 autem
1352 1050 1386 1111 in
1415 1047 1487 1112 iure
1516 1051 1669 1113 canonico

248 1142 299 1208 vel
328 1147 360 1208 in
387 1145 563 1228 medicina,
590 1150 645 1231 qui
674 1148 764 1233 prius
790 1168 848 1233 per
870 1146 1123 1231 quinquennium
1150 1146 1184 1209 in
1210 1144 1373 1230 theologia
1400 1146 1605 1230 studuerunt,
1633 1172 1667 1214 co

247 1244 342 1309 modo
371 1248 454 1308 sicut
480 1246 628 1330 magistri
656 1247 778 1331 antiqui
806 1247 839 1308 in
868 1243 991 1308 artibus
1020 1243 1063 1308 ad
1091 1267 1221 1309 cursum
1249 1244 1477 1327 admittantur3
1507 1248 1538 1310 si
1564 1258 1667 1312 antem

248 1367 311 1408 non
340 1344 531 1408 studuerunt
552 1344 641 1430 prius
663 1344 697 1406 in
718 1343 889 1428 theologia,
916 1352 1087 1428 expectent
1108 1343 1150 1408 ad
1172 1344 1312 1431 quinque
1331 1367 1442 1411 annos.
1485 1343 1552 1409 Sed
1575 1344 1668 1410 licen·

248 1444 323 1507 ciati
351 1444 385 1507 in
408 1439 471 1529 [3²]
495 1441 636 1525 artibus,
667 1443 721 1529 qui
751 1450 826 1505 ante
855 1441 1095 1506 licenciaturam
1123 1443 1157 1506 in
1185 1441 1308 1507 artibus
1336 1441 1546 1525 audiverunt,
1575 1444 1668 1510 modo

211 1553 313 1629 loquo
336 1564 445 1628 supra,
473 1552 547 1627 post
567 1540 811 1627 quadriennium
835 1540 877 1605 ad
903 1563 1031 1605 cursum
1060 1541 1286 1622 admittantur3
1317 1542 1344 1606 si
1364 1551 1472 1606 autem
1494 1566 1558 1608 non
1582 1545 1668 1630 prins

251 1642 444 1706 audiverunt
465 1641 498 1703 in
519 1638 682 1723 theologia
705 1648 775 1720 etc,
803 1649 974 1726 expectent
1001 1662 1060 1726 per
1089 1641 1298 1726 septennium,
1327 1648 1501 1727 antequam
1530 1642 1574 1706 ad
1602 1665 1667 1708 cur·

250 1762 320 1804 sum
343 1738 596 1804 adsummantur.
635 1737 819 1824 Religiosus
841 1737 881 1802 dc
903 1737 1015 1804 ordine
1037 1739 1302 1822 mendicanoium,
1325 1762 1384 1827 per
1409 1762 1502 1804 sunm
1526 1740 1667 1806 ordinem

206 1903 207 1906 ,
248 1848 483 1926 praesentatus,
512 1837 554 1901 ad
577 1835 712 1901 eundem
735 1860 862 1901 cursum
887 1836 1077 1901 admittatur
1099 1846 1131 1901 et
1152 1836 1383 1926 consequenter
1408 1838 1451 1902 ad
1479 1842 1666 1922 sentencias,

248 1959 372 2003 necnon
395 1935 438 2000 ad
459 1935 615 2001 rdteriora
637 1934 811 1999 secundum
839 1945 960 2000 statuta
987 1935 1161 2001 facultatis.
1203 1937 1284 2001 Item
1310 1936 1495 2022 religiosus,
1525 1943 1580 2026 qui
1607 1961 1666 2003 non

211 2048 240 2101 15
251 2048 300 2102 est
321 2036 361 2100 de
384 2034 497 2100 ordine
518 2035 784 2117 mendicantium,
814 2035 841 2099 si
867 2035 963 2099 fuerit
989 2037 1144 2121 magister
1165 2037 1296 2118 arcium,
1324 2035 1515 2100 admittatur
1537 2036 1581 2101 ad
1602 2060 1666 2102 cur·

250 2159 319 2200 sum
343 2134 517 2199 secundum
546 2133 683 2198 formam
707 2133 937 2220 supradictam,
967 2136 1055 2198 circa
1076 2133 1156 2200 alios
1178 2136 1352 2219 magistros
1374 2136 1498 2199 arcium
1519 2158 1665 2222 praesen-

248 2234 363 2298 tandos
387 2233 430 2297 ad
450 2256 578 2299 cursum
596 2232 842 2298 observandam.
882 2232 918 2297 si
939 2255 1016 2297 vero
1042 2256 1105 2299 non
1134 2234 1231 2298 fuerit
1259 2234 1424 2319 magister,
1455 2243 1533 2298 tunc
1561 2233 1666 2299 audiat

250 2344 281 2397 et
303 2331 429 2396 studeat
449 2334 482 2395 in
503 2331 665 2418 theologia
685 2356 742 2419 por
763 2332 1023 2419 quinquennium,
1046 2342 1217 2417 antequam
1237 2331 1279 2396 ad
1299 2353 1429 2397 cursum
1452 2333 1647 2399 admittatur.

467 2520 494 2579 2.
517 2533 665 2580 RUBRICA
688 2534 734 2580 DE
757 2533 920 2580 TEMPORE
942 2532 1207 2580 PBAESENTANDI
1229 2534 1275 2579 AD
1298 2505 1444 2581 CURSUM.

208 2668 269 2731 20’
333 2665 453 2731 Volens
476 2664 660 2750 promoveri
682 2663 916 2750 adlegandum
938 2688 1066 2730 cursum
1089 2664 1140 2730 vel
1163 2665 1205 2730 ad
1227 2664 1349 2734 alciora
1370 2660 1567 2750 te[3¹³]netur
1587 2665 1663 2729 inira

248 2786 390 2830 mensem
409 2763 494 2827 Iunii
517 2770 636 2848 petere,
659 2784 693 2825 se
716 2762 758 2827 ad
780 2763 948 2849 praedicta
969 2766 1070 2850 recipi
1093 2773 1124 2829 et
1144 2764 1279 2829 admitti.

283 2970 312 3031 3.
334 2979 551 3043 0011110101
574 2977 759 3043 1110111110,
782 2979 937 3040 nmquam
959 2980 1006 3027 sn
1030 2979 1166 3028 00111011
1187 2979 1434 3050 remanseran
1457 2979 1627 3028 vanuum.

330 3111 497 3197 Magister,
519 3110 631 3176 volens
653 3110 792 3197 ahquem
817 3122 1027 3198 praesentare
1049 3111 1091 3176 ad
1114 3134 1243 3177 cursum
1264 3111 1448 3199 legendum,
1475 3113 1569 3200 prius
1589 3111 1662 3175 benc

248 3213 438 3276 informatus
470 3210 510 3274 de
543 3207 762 3294 complecione
794 3211 1048 3296 praedictorum,
1085 3212 1228 3298 requirat
1256 3210 1416 3277 decanum
1448 3211 1490 3277 de
1521 3209 1662 3276 facienda

206 3310 504 3395 tscongregaoione
525 3309 666 3373 omnium
685 3311 915 3395 magistrorum
937 3312 1123 3395 regencium
1145 3310 1187 3375 ad
1206 3310 1428 3397 recipiendum
1450 3310 1550 3375 talem
1570 3310 1661 3374 nomi·

249 3422 358 3473 natum
387 3410 519 3494 proprio
543 3430 599 3471 sno
619 3409 748 3472 nomine
778 3408 820 3473 ad
843 3432 972 3473 cursum
1000 3407 1180 3495 legendum.
1221 3408 1328 3490 Quam
1357 3409 1488 3496 quidem
1515 3430 1661 3475 convoca·

249 3510 372 3571 cionem
394 3507 534 3571 decanus
555 3515 681 3571 tenetur
703 3508 811 3572 facere
832 3509 912 3572 hora
933 3517 964 3571 et
984 3507 1053 3573 1000
1075 3509 1340 3574 convenientibus
1362 3508 1521 3573 facultati.
1551 3508 1588 3573 In
1606 3528 1660 3594 qua

158 3614 162 3622 '
249 3607 482 3672 convocacionc
509 3605 583 3670 talis
610 3608 765 3691 magister
793 3617 969 3693 proponat,
1001 3629 1035 3671 se
1061 3607 1151 3672 illum
1178 3607 1260 3672 velle
1287 3617 1508 3694 praesentare,
1538 3616 1571 3671 et
1593 3616 1661 3670 tunc

248 3706 397 3790 magistri
418 3714 566 3790 regentes
587 3705 621 3767 in
642 3706 790 3789 magistri
812 3716 1020 3792 praesentare
1035 3706 1171 3771 volentis
1192 3706 1346 3771 absencia
1368 3706 1409 3770 de
1430 3704 1659 3793 praesentando

206 3817 241 3871 30
251 3804 489 3885 deliberabunt,
519 3813 551 3866 et
582 3805 609 3866 si
632 3825 743 3868 omnes
772 3806 805 3867 in
828 3827 901 3870 eum
928 3806 1162 3886 consenserint,
1192 3805 1399 3887 admittatur;
1430 3805 1514 3870 alias
1541 3828 1614 3888 non,
1634 3815 1660 3868 et

248 3905 439 3991 praesertim
460 3905 486 3965 si
508 3902 733 3966 contradicens
753 3902 841 3967 dicat
862 3926 993 3967 oausam
1015 3902 1095 3969 adeo
1112 3903 1352 3987 racionabilem,
1374 3905 1461 3992 quod
1482 3916 1553 3970 tota
1571 3902 1661 3968 facul·

248 4017 298 4069 tas
320 4002 371 4067 vel
399 4004 502 4067 maior
524 4002 593 4065 eius
621 4024 698 4087 pars
720 4002 881 4088 approbet
900 4002 1043 4067 eandem.
1065 3999 1131 4089 [4²]
1159 4002 1276 4067 Modus
1304 4012 1410 4068 autem
1439 4001 1661 4091 praesentandi

248 4107 308 4168 erit
336 4102 421 4184 talia,
450 4101 534 4187 quod
563 4102 717 4184 magister
745 4111 956 4186 praesentans
981 4101 1083 4167 dicat:
1124 4101 1284 4185 „Domine
1313 4102 1435 4168 decane
1464 4114 1497 4167 et
1524 4103 1662 4189 magistri

247 4201 432 4282 reverendi,
463 4209 634 4286 praesento
657 4198 751 4265 vobis
781 4198 830 4264 .N.
860 4201 903 4265 ad
930 4199 1100 4286 legendum
1129 4224 1269 4282 cursum,
1297 4223 1392 4288 quem
1421 4225 1481 4288 per
1508 4205 1661 4268 conscien-

203 4304 331 4368 35010111
361 4322 466 4363 meam
498 4297 541 4362 ad
572 4295 634 4362 hoo
664 4298 760 4363 credo
788 4321 859 4364 0110
888 4298 1050 4385 ydoneum
1079 4301 1113 4363 in
1144 4301 1285 4364 scientiis
1316 4310 1348 4364 et
1373 4301 1555 4368 moribus.“
1592 4303 1662 4366 Post

246 4402 326 4466 hacc
349 4399 490 4463 decanus
513 4397 614 4460 dicat:
657 4397 823 4480 „Admitto
845 4422 904 4463 vos
932 4400 1061 4464 nomine
1087 4398 1260 4480 facultatis,
1290 4397 1381 4464 salvo
1409 4400 1500 4486 quod
1527 4402 1580 4466 iur
1612 4402 1661 4463 '.“

246 4501 290 4564 Et
313 4500 420 4562 statim
445 4498 491 4561 sic
513 4496 674 4560 admissus
696 4499 780 4560 iuret
801 4496 976 4561 secundum
998 4498 1134 4562 formam
1156 4499 1340 4580 iuramenti,
1366 4520 1450 4583 quae
1479 4501 1514 4565 in
1541 4499 1661 4565 rubrica

245 4596 418 4662 inmediate
449 4597 596 4682 sequenti
628 4595 817 4660 continetur.
859 4596 902 4660 Et
932 4595 1124 4680 notandum,
1155 4595 1242 4683 quod
1271 4595 1406 4683 quilibet
1438 4601 1660 4686 magistrorum

246 4700 314 4761 sine
344 4694 604 4759 contradiccione
635 4696 850 4782 cuiuscunque
880 4697 1000 4781 poterit
1026 4696 1213 4781 religiosum
1241 4694 1294 4760 vel
1321 4718 1386 4761 uon
1412 4697 1600 4785 religiosum
1626 4695 1660 4759 dc

202 4806 436 4879 loquacunque
457 4795 593 4860 nacione
616 4793 845 4876 indifferenter,
874 4793 1045 4861 dummodo
1068 4793 1149 4859 alias
1175 4795 1272 4859 fuerit
1292 4793 1452 4881 ydoneus,
1474 4798 1518 4863 ad
1540 4818 1659 4864 cursum

245 4904 276 4957 et
297 4895 398 4958 eciam
421 4893 463 4957 ad
485 4893 664 4957 sentencias
686 4903 904 4979 praesentare.

332 5131 341 5180 l
365 5124 551 5181 Geschn'cbcn
569 5124 643 5178 steht
658 5126 860 5178 1101110ηεί01110.
