3756 6158
249 477 310 541 260
801 478 856 527 Das
875 477 963 528 kleins
982 476 1088 541 Colleg.

250 679 372 744 proque
394 657 539 719 semestri
561 655 702 743 hyemali
729 657 910 723 distribuat.
953 657 1046 740 Quae
1067 681 1146 723 vero
1171 656 1288 723 deinde
1313 658 1357 722 ad
1377 657 1550 724 Michaelis
1571 656 1662 725 seria

249 766 281 820 et
301 768 444 842 ternpore
468 758 613 842 sequenti
637 756 679 820 ad
701 757 797 821 finem
817 779 919 843 usque
940 758 1016 821 anni
1036 780 1078 822 ex
1090 757 1294 841 Weisenfels,
1316 757 1478 839 Mitwcde,
1501 758 1661 844 precariis,

248 854 351 920 tribus
374 855 468 940 pagis
490 863 522 918 et
543 878 585 918 ex
598 855 732 942 Torgau
752 858 924 944 acceperit,
946 879 985 921 ea
1006 856 1050 921 ad
1071 866 1227 923 aestatem
1248 858 1443 944 pertinentia
1465 879 1529 945 pro
1547 857 1661 921 aestivo

248 955 397 1021 semestri
418 951 554 1019 dividat.

814 1090 861 1137 DE
883 1089 1107 1138 caavmmtw.

821 1210 987 1258 statutum
1008 1207 1100 1259 XXV.
1144 1256 1150 1267 ,

329 1319 374 1408 [S.
398 1321 453 1424 3⁰l
479 1320 695 1387 Cervisiarius
719 1321 796 1408 eligi
817 1320 913 1387 debet
935 1318 1094 1386 Kalendis
1115 1320 1211 1387 Mart
1254 1323 1354 1389 Citius
1376 1320 1506 1409 quidem
1530 1321 1662 1387 officium

247 1420 309 1485 hoc
328 1423 399 1504 erit,
421 1432 466 1503 ut,
488 1430 619 1508 recepta
646 1423 784 1507 pecunia
806 1444 848 1486 ex
869 1420 948 1486 fisco
978 1441 1038 1506 pro
1065 1420 1201 1486 arbitrio
1228 1422 1430 1486 dominorum
1461 1420 1503 1486 de
1525 1420 1662 1506 collegio,

246 1521 420 1586 cervisiam
446 1520 564 1586 bonam
586 1531 711 1586 mature
734 1529 900 1606 comparet
927 1529 958 1584 et
978 1518 1099 1584 vendat
1124 1542 1183 1607 per
1204 1522 1402 1607 pincernam,
1430 1522 1577 1585 rationes
1600 1519 1661 1584 dili-

207 1629 360 1705 togenter
373 1619 510 1705 singulis
533 1619 647 1686 diebus
665 1629 697 1684 et
716 1618 757 1683 de
780 1617 914 1705 singulis
927 1620 1028 1701 vasis,
1048 1618 1194 1684 adhibite
1215 1643 1343 1708 semper
1357 1642 1422 1685 uno
1436 1619 1519 1685 alio¹
1533 1619 1659 1704 collega,

247 1728 347 1805 ponat
367 1729 400 1784 et
420 1718 612 1785 conscribat.
634 1716 777 1784 Vendita
791 1741 869 1784 voro
883 1719 971 1785 omni
991 1719 1140 1800 cervisia,
1159 1721 1347 1784 convocatis
1368 1741 1427 1806 per
1448 1720 1662 1806 praepositum

247 1817 390 1904 collegis,
419 1819 506 1883 intra
524 1840 667 1883 mensem
695 1819 839 1883 rationes
859 1817 985 1898 reddat,
1013 1827 1045 1881 ct
1067 1815 1154 1904 quod
1180 1817 1261 1882 lucri
1281 1819 1388 1900 hierit,
1416 1821 1502 1883 inter
1532 1818 1662 1904 collegas

246 1939 357 1982 omnes
377 1917 555 2006 aequaliter
576 1939 652 1984 mox
673 1915 861 2000 distribuat,
893 1915 952 1982 sub
975 1937 1080 2002 poena
1101 1918 1294 2003 privationis
1316 1919 1457 1983 omnium
1479 1917 1662 1983 emolumen-

245 2028 350 2084 torum
376 2021 474 2083 totius
503 2018 587 2082 anni.
626 2014 736 2081 Debet
763 2027 871 2082 autem
898 2039 938 2081 ea
964 2014 1148 2081 distribufio
1169 2024 1201 2081 et
1226 2016 1344 2082 divisio
1372 2018 1420 2083 ita
1447 2016 1537 2102 fieri,
1565 2027 1601 2083 ut
1626 2017 1662 2083 ad

206 2127 238 2183 15
248 2117 397 2204 hyemale
417 2127 570 2183 semestre
589 2125 693 2183 toturn
715 2112 777 2180 hoc
795 2115 920 2182 lucrum
938 2115 1161 2183 cervisiarium
1181 2117 1350 2203 pertineat

664 2278 711 2370 [S.
734 2278 786 2370 31]
810 2270 1060 2349 ns‘cunaronn
1082 2299 1254 2348 comesu.

812 2418 976 2487 statutum
993 2418 1105 2468 XXVI.

330 2532 548 2598 Oeconomics
565 2533 691 2599 curatio
712 2531 840 2618 collegii
857 2531 983 2597 duobus
1004 2530 1184 2597 iunioribus
1206 2531 1339 2597 alternis
1362 2530 1492 2599 vicibus
1511 2533 1661 2599 incumbit

247 2640 359 2719 estque
377 2630 463 2713 talis,
484 2640 529 2713 ut,
557 2632 612 2718 qui
637 2629 712 2696 huic
737 2633 874 2719 praesit,
900 2632 935 2695 in
955 2629 1101 2715 locandis
1121 2630 1376 2697 habitationibus
1398 2654 1561 2699 summam
1581 2633 1660 2698 adhi-

206 2730 323 2796 subeat
344 2752 463 2812 curam,
485 2752 548 2816 quo
562 2730 714 2796 honestos
735 2740 768 2795 et
786 2729 947 2797 bonarum
966 2729 1135 2795 literarum
1154 2729 1325 2814 surdiosos,
1347 2733 1441 2818 pacis
1461 2741 1496 2797 et
1515 2727 1660 2819 tranquil·

246 2830 347 2894 litatis
369 2839 514 2894 amantes
539 2831 678 2917 recipiat
703 2829 879 2917 inquilinos
900 2839 933 2894 et
952 2830 1082 2894 omnino
1104 2829 1195 2912 tales,
1220 2829 1331 2917 quales
1352 2833 1522 2917 requirunt
1543 2841 1660 2898 statim.

248 2927 378 2994 Deinde
395 2928 481 2994 illins
503 2938 552 2992 est
579 2932 731 3010 muneris,
762 2939 798 2993 ut
824 2924 947 3015 [sedulo
969 2938 1001 2994 et
1020 2928 1192 3015 diligenter
1213 2931 1335 3015 praesit
1356 2927 1659 3018 disputationibus,]²

247 3026 374 3114 collegii
407 3027 496 3092 fores
530 3027 681 3092 observet
710 3027 814 3114 deque
847 3030 956 3115 precio
988 3027 1224 3094 habitationum
1258 3037 1332 3116 post
1364 3029 1462 3096 finem
1494 3031 1658 3097 curationis

247 3150 324 3192 suae
346 3136 516 3192 numerata
538 3129 678 3213 pecunia
698 3129 850 3211 rationes,
873 3127 993 3214 elapsis
1019 3127 1172 3193 nundinis
1197 3127 1406 3215 paschalibus
1435 3140 1467 3195 et
1488 3129 1656 3210 Michaelis,

204 3235 319 3291 ltcum
341 3228 528 3313 praeposito
560 3225 674 3314 planas
697 3224 864 3293 exhibebit
891 3230 989 3316 inque
1014 3225 1078 3316 [32]
1099 3251 1138 3294 ea
1159 3251 1195 3294 re
1216 3237 1348 3316 praeter
1369 3251 1482 3295 casum
1503 3231 1654 3298 fortuitum

246 3327 464 3393 excusationis
485 3325 531 3391 nil
551 3329 681 3393 nomine
703 3326 897 3395 creditorum
918 3325 1061 3392 habebit.

599 3509 646 3557 DE
668 3511 884 3560 PRAEPOSITO
906 3510 1083 3559 VILLARUM
1104 3510 1308 3559 acanum.

797 3629 966 3680 Statutum
987 3630 1117 3680 XXVII.

329 3741 412 3808 Cum
434 3741 557 3805 curatio
577 3740 633 3806 illa
654 3740 784 3829 publica
805 3741 955 3809 villarum
983 3742 1170 3809 academiae
1196 3742 1438 3830 pertriennale
1466 3740 1649 3809 intervallum

204 3840 359 3906 30redeat
386 3839 429 3904 ad
457 3839 637 3926 collegium,
662 3833 708 3906 >de
737 3864 776 3906 ea
802 3842 864 3908 hoc
886 3844 1092 3908 constitutum
1121 3852 1185 3924 est,
1213 3852 1249 3906 ut
1274 3844 1308 3906 in
1329 3841 1385 3906 illa
1413 3837 1649 3907 administranda

246 3951 391 4004 servetur
414 3938 493 4003 ordo
522 3938 764 4024 salariatorum3
794 3943 849 4027 qui
879 3951 986 4007 autem
1007 3941 1082 4007 huic
1104 3940 1301 4028 praeficitur,
1329 3963 1368 4005 ca
1396 3940 1472 4023 fide,
1501 3938 1647 4026 diligentis

246 4050 278 4103 et
303 4038 462 4104 industria
487 4040 595 4103 omnia
620 4039 761 4122 curabit,
789 4043 1023 4129 nequicquam
1049 4041 1102 4107 vel
1129 4041 1240 4105 damni
1267 4039 1438 4125 collegium
1467 4043 1588 4106 senciat
1608 4032 1645 4098 vel

246 4138 462 4225 negligentiae
483 4147 515 4204 et
536 4137 650 4225 culpae
672 4141 820 4205 accusari
842 4141 955 4228 possit.
988 4139 1085 4221 Quod
1107 4141 1192 4205 enim
1215 4139 1420 4222 commiserit,
1443 4141 1516 4228 ipse
1536 4139 1603 4205 luet

684 4301 729 4392 [S.
752 4302 803 4394 33]
826 4325 872 4371 nn
894 4323 1036 4371 aarum
1058 4323 1232 4372 connson.
1307 4382 1309 4386 .

204 4422 237 4503 '35
789 4442 958 4493 statutum
976 4442 1122 4494 xxviii.

326 4554 486 4619 Familiae
508 4576 625 4641 operas
645 4577 705 4619 nec
725 4553 903 4623 conducere
924 4579 985 4621 neo
1004 4578 1155 4623 recusare
1177 4578 1281 4643 neque
1310 4557 1457 4644 precium
1479 4575 1591 4642 augere
1606 4543 1643 4612 vel

245 4654 390 4718 minuere
417 4663 524 4742 potest
549 4662 605 4718 aut
625 4652 721 4718 debet
743 4659 947 4744 praepositus
969 4657 1039 4721 sine
1062 4677 1220 4721 consensu
1241 4655 1384 4742 collegii,
1416 4653 1569 4721 familiam
1585 4665 1643 4715 vert

246 4775 310 4818 non
330 4752 493 4820 difficilem
514 4750 648 4818 habebit
667 4751 846 4840 collegium,
873 4757 900 4821 si
930 4754 1154 4822 benevolentia
1181 4754 1224 4819 sd
1245 4742 1489 4844 obsequendum
1509 4750 1643 4820 dudam

326 4992 338 5042 1
359 4986 511 5059 eorrigiert
527 4987 557 5041 in
574 4986 678 5057 atquo.

323 5076 338 5126 2
355 5071 409 5127 Die
425 5070 687 5141 ungsklannsrten
704 5069 803 5125 Worte
820 5068 881 5123 sind
899 5067 1121 5139 durcbstsichsm
1141 5069 1177 5124 ob
1195 5087 1249 5127 von
1265 5070 1329 5126 dem
1345 5068 1493 5128 Sebrcibcr
1508 5058 1641 5127 „moder

245 5171 299 5211 von
316 5158 439 5228 spittersr
456 5155 548 5225 Hand,
566 5154 603 5210 ist
619 5154 699 5211 nicht
714 5171 750 5243 au
766 5152 917 5210 arkennen.
