3756 6158
266 458 327 520 206
548 430 549 434 Ἰ
837 455 893 503 Das
911 468 1003 516 grosse
1023 453 1126 518 colleg.

265 636 398 700 maioris
413 632 577 718 collegiati
598 632 722 698 foelicis
737 635 924 717 memoriae,
946 633 1036 720 apud
1057 645 1203 699 sanctum
1218 632 1390 699 Nicolaum
1412 633 1456 698 ad
1477 634 1583 700 instar
1603 657 1693 722 pera·

266 736 382 800 ctionis
403 732 618 797 anniversarii
639 735 787 819 magistri
807 734 962 799 Iohannis
982 733 1140 798 Liricken
1161 732 1201 798 de
1219 732 1456 800 Franckfordis
1478 755 1553 799 cum
1575 733 1693 822 vigiliis

267 846 299 900 et
317 833 426 898 missis
448 830 566 895 debeat
589 834 714 918 peragi,
742 832 785 897 ad
813 855 948 919 quorum
969 834 1113 898 omnium
1134 831 1334 897 ehectualem
1360 832 1604 920 expeditionem
1625 855 1693 899 ceu·

264 945 331 999 tum
354 930 470 996 floreni
491 951 644 995 recenses
666 930 925 996 exordinatione
945 932 1261 996 testamentariorum
1282 931 1422 1017 praefati
1441 931 1565 998 domini
1588 931 1692 998 docto·

222 1044 237 1097 5
263 1035 307 1097 ris
329 1029 483 1095 Andreae
503 1039 577 1092 sunt
598 1027 754 1114 deputati,
777 1053 838 1116 pro
860 1029 978 1117 quibus
1001 1031 1142 1117 quinque
1162 1029 1277 1095 floreni
1297 1051 1450 1096 senenses
1469 1032 1505 1095 in
1526 1032 1689 1118 praetorio

261 1131 357 1196 huius
380 1129 523 1194 civitatis
534 1127 725 1192 Libcaensis
740 1151 920 1194 annuorum
931 1152 1085 1195 censuum
1099 1128 1159 1194 rub
1179 1128 1337 1214 legittimo
1358 1132 1570 1217 reemptionis
1590 1129 1691 1212 titulo,

141 1296 148 1308 ,
262 1230 357 1295 818811
375 1229 411 1292 18
432 1228 560 1309 litteris,
591 1225 731 1313 desuper
753 1227 908 1293 confectis
931 1238 965 1293 et
987 1229 1076 1316 apud
1097 1228 1283 1293 facultatem
1305 1227 1521 1315 theologicam
1543 1234 1692 1316 (propter

263 1330 345 1395 alios
375 1350 492 1393 census
633 1323 755 1390 ibidem
785 1334 925 1412 emptos)
955 1327 1127 1414 depositis,
1159 1326 1286 1413 plenius
1317 1328 1510 1410 continetur,
1537 1325 1588 1393 de*
1610 1348 1691 1395 com·

259 1429 350 1493 muni
377 1426 505 1511 collegii
534 1445 692 1489 consensu
721 1435 797 1490 sunt
818 1427 1012 1511 comparati.
1056 1426 1146 1506 Quos
1176 1425 1309 1513 quidem
1338 1448 1453 1491 census
1483 1428 1689 1514 praepositus

223 1537 254 1592 10
262 1526 402 1612 collegii,
424 1547 485 1611 pro
506 1533 652 1609 tempore
674 1525 893 1587 anniversarii
918 1526 1078 1610 expositis
1099 1525 1312 1611 exponendis,
1333 1523 1485 1591 videlicet
1508 1531 1547 1592 14
1570 1527 1690 1612 3888818

261 1633 279 1694 3
304 1626 447 1690 denariis
475 1625 568 1689 novis
598 1619 667 1696 (ubi
697 1633 865 1686 remanent
894 1631 912 1689 4
945 1621 1059 1688 floreni
1087 1625 1121 1687 in
1151 1646 1232 1688 auro
1257 1631 1340 1709 691.
1367 1629 1387 1690 9
1413 1623 1558 1689 denarii¹
1586 1614 1691 1691 distri·

263 1724 406 1806 buendi),
429 1724 513 1788 inter
536 1722 720 1806 magistros,
750 1720 878 1806 collegii
900 1723 1033 1787 maioris
1057 1723 1225 1804 duntaxat,
1253 1723 1289 1786 in
1310 1723 1430 1788 divinis
1451 1731 1644 1811 praesentes
1661 1733 1692 1787 81

258 1823 409 1889 iacienda
429 1822 595 1902 facientes,
624 1818 804 1908 aequaliter
826 1819 923 1883 debet
944 1818 1145 1906 dispensare.
1187 1821 1377 1888 Praemissa
1397 1823 1501 1889 eciam
1522 1821 1689 1888 ordinacio

259 1934 291 1988 et
321 1921 531 1987 observantia
560 1917 620 1985 sub
648 1940 754 2004 poena
784 1920 920 2005 periurii
947 1941 967 1983 a
995 1919 1081 1985 nullo
1108 1921 1337 2006 magistrorum
1367 1919 1487 1986 debeat
1518 1921 1689 1988 immutari

219 2033 250 2088 15
258 2022 377 2087 Actum
402 2020 455 2085 die
476 2030 508 2084 81
528 2039 624 2099 anno,
645 2026 683 2082 ut
702 2039 811 2103 supra.

258 2231 307 2292 63.
323 2215 664 2309 [Bl.16*¹]sraruruu
682 2233 751 2282 888
765 2234 989 2283 susurrores
1004 2236 1246 2283 uuurvaasaau
1256 2237 1300 2285 ac
1314 2237 1536 2285 rcsrsrraurr
1548 2236 1688 2286 neuneu

187 2329 195 2343 ⁸
258 2338 429 2400 QUONDAM
443 2335 515 2382 VlRl
534 2333 569 2379 D.
584 2332 763 2380 wluuunass
784 2334 1018 2382 HALDENHOFF
1041 2335 1088 2381 1111
1109 2334 1262 2399 THORNN,
1283 2334 1414 2384 caclo!
1432 2337 1479 2384 ET
1495 2335 1687 2384 ‘MEDICUM

256 2435 432 2487 nocroars
454 2434 499 2482 nr
520 2430 624 2480 eurus
647 2430 812 2479 8888888
834 2433 974 2481 8818818
991 2432 1213 2498 ecunacum,
1235 2434 1295 2494 our
1316 2435 1352 2481 nr
1373 2433 1589 2484 cracoua'rc
1608 2433 1687 2483 corr·

257 2534 427 2584 errrorus
445 2534 492 2581 sn
514 2529 758 2579 sacasaocruu
783 2532 943 2578 scansus
965 2532 1021 2578 rra
1043 2532 1219 2596 88888888,
1250 2532 1391 2579 sacrun
1411 2532 1457 2580 nr
1478 2532 1687 2583 8888888881

215 2629 249 2683 20
298 2636 363 2682 888
383 2607 645 2681 8888888888
668 2628 832 2677 88818881
853 2629 1037 2677 88888888
1056 2629 1318 2678 88888888888
1339 2631 1385 2679 oa
1406 2630 1649 2699 8888888888,

335 2732 464 2781 sacrun
487 2727 710 2777 ruaonocrsn
733 2727 975 2792 raosassoars,
997 2729 1090 2776 suro
1112 2729 1238 2777 88888
1262 2718 1338 2779 1507
1361 2729 1614 2780 coacoanrrsn

843 2829 889 2875 ur
912 2827 1093 2887 sacorrun

341 2961 429 3042 Quia
451 2958 635 3025 testamenti
659 2968 690 3022 et
712 2959 930 3024 anniversarii
952 2959 1132 3047 supradicti
1154 2961 1207 3046 pie
1227 2960 1370 3025 deiuncti
1391 2959 1558 3047 quondam
1579 2959 1684 3027 docte

151 3049 158 3063 ⁸
256 3063 301 3126 ris
328 3058 496 3124 Wilhelmi
529 3058 757 3122 execucionem
791 3056 1078 3144 (quemadmodum
1107 3059 1180 3145 ipse
1212 3060 1244 3122 in
1274 3058 1423 3124 humanis
1453 3057 1563 3125 adhuc
1590 3081 1684 3125 sanus

213 3161 381 3249 25positus
402 3160 561 3223 instanter
584 3158 742 3242 pecierat)
771 3156 941 3243 collegium
970 3155 1031 3221 hoc
1052 3158 1156 3222 maius
1184 3180 1244 3244 pro
1261 3180 1303 3244 *se
1325 3165 1357 3222 et
1383 3158 1526 3245 posteris
1554 3180 1683 3224 concor

255 3258 339 3324 diter
369 3257 561 3344 assumpsit:
606 3254 696 3336 hine,
725 3264 761 3319 ut
789 3278 844 3337 ea,
878 3278 960 3342 quae
992 3257 1025 3320 in
1055 3266 1166 3321 tenore
1199 3254 1353 3338 eiusdem,
1384 3258 1419 3320 in
1447 3254 1529 3323 fisco
1559 3253 1684 3345 collegii

255 3359 409 3444 reposito,
439 3356 542 3421 lacius
570 3354 783 3435 continentur,
811 3355 853 3419 ad
882 3378 1012 3420 manum
1041 3353 1136 3419 facile
1165 3363 1314 3440 pateant,
1344 3357 1377 3419 in
1405 3353 1469 3421 hoc
1491 3363 1684 3421 statutorum

254 3454 363 3522 libello
385 3453 527 3519 breviter
547 3453 727 3519 innotanda
747 3454 951 3519 videbantur.

339 3554 479 3639 Legavit
498 3553 599 3639 igitur
621 3555 906 3639 supranominatus
928 3552 970 3616 D.
993 3551 1186 3617 Wilhelmus
1216 3551 1259 3616 ad
1286 3553 1434 3618 diversas
1455 3551 1591 3639 pictatis
1612 3573 1682 3618 cau·

213 3667 311 3723 ³0sas
340 3677 381 3720 ex
403 3661 470 3718 tcto
498 3649 638 3716 florenos
669 3672 819 3715 renenses
847 3660 975 3715 centum
1003 3662 1034 3715 et
1063 3651 1119 3733 2¹[2
1150 3661 1345 3739 perpetuos..
1379 3648 1528 3731 Quorum
1550 3656 1592 3718 52
1615 3672 1684 3717 cum

254 3754 360 3821 medio
382 3752 481 3817 solvit
502 3748 687 3815 consulatus
708 3749 965 3814 Delitzschcnsis
986 3751 1019 3813 in
1042 3751 1174 3814 civitate
1204 3750 1267 3815 hac
1293 3750 1459 3837 Lypsensi
1484 3748 1683 3836 parciahtcr,

254 3853 378 3920 scilicet
401 3858 438 3918 15
458 3849 488 3914 fl.
510 3846 679 3912 Michaelis
707 3858 739 3912 et
764 3847 898 3913 totidem
920 3847 1121 3934 Walpurgis,
1151 3850 1227 3913 item
1253 3856 1284 3914 11
1310 3848 1341 3913 11.
1371 3871 1445 3913 cum
1473 3870 1541 3913 una
1568 3858 1684 3934 quarta

252 3953 342 4019 Petri
368 3961 400 4015 et
424 3947 519 4014 Pauli
548 3957 581 4012 et
608 3946 741 4012 totidem
767 3949 866 4011 trium
894 3969 1016 4032 regum.
1060 3948 1142 4012 item
1169 3947 1354 4012 consulatus
1379 3945 1563 4034 Lypsensis
1590 3947 1683 4013 huius

254 4052 395 4117 civitatis
424 4047 519 4112 solvit
546 4050 584 4112 35
612 4046 759 4110 similiter
782 4046 981 4133 parciahtcr,
1012 4046 1136 4111 scilicet
1162 4052 1197 4112 17
1220 4069 1293 4111 cunr
1323 4044 1428 4110 medio
1453 4043 1628 4112 Michaelis
1653 4054 1684 4112 81

212 4162 245 4218 ³⁵
256 4150 413 4234 reliquam
433 4145 640 4211 medietatem
658 4143 859 4233 Walpurgis.
899 4145 980 4210 Item
1006 4153 1042 4212 10
1063 4145 1094 4210 fl.
1117 4144 1213 4209 solvit
1233 4146 1371 4226 institor,
1393 4145 1525 4209 nomine
1544 4143 1682 4210 Ioannes

251 4245 411 4328 Westval,
434 4246 515 4309 civis
539 4243 730 4330 Lypsensis,
756 4243 910 4309 similiter
923 4243 1120 4331 parciahtcr,
1144 4242 1267 4309 scilicet
1286 4242 1494 4308 medietatem
1512 4241 1680 4310 Michaelis

253 4357 286 4414 et
308 4344 466 4431 reliquam
488 4342 694 4407 medietatem
715 4336 918 4431 Walpurgis.
959 4342 1132 4410 11818511.
1157 4341 1253 4407 solvit
1275 4342 1358 4408 alius
1386 4343 1466 4407 civis
1490 4342 1679 4431 Lypsensis,

252 4447 358 4514 dictus
381 4441 504 4509 Steffan
521 4439 757 4528 Lichtenhayn,
780 4441 927 4506 similiter
947 4442 1135 4529 parciahtcr
1156 4444 1190 4506 in
1211 4443 1356 4508 terminis
1377 4431 1573 4506 immediate
1589 4461 1678 4528 prae·

253 4546 358 4611 dictis.
400 4542 445 4607 Et
465 4541 545 4606 facit
565 4541 598 4604 in
622 4561 748 4605 summa
768 4549 896 4605 centurn
917 4551 949 4605 et
970 4542 1031 4624 2¹s2
1056 4542 1098 4623 fl,
1127 4551 1224 4629 prout
1249 4540 1331 4606 haec
1356 4541 1391 4604 in
1416 4538 1536 4605 litteris
1559 4540 1676 4627 specia-

210 4643 339 4711 tolibus
363 4641 503 4728 desuper
525 4639 681 4705 confectis
703 4649 736 4704 81
755 4638 915 4724 sigillatis,
943 4638 1032 4725 apud
1054 4638 1184 4725 collegii
1204 4640 1429 4726 praepositum
1452 4661 1515 4726 pro
1534 4649 1676 4727 tempore

252 4745 444 4809 existentem
473 4738 685 4826 reponendis,
712 4737 815 4802 lacius
846 4740 1058 4804 continentur.
1079 4766 1080 4770 ¹
1101 4738 1167 4818 Qui
1199 4741 1301 4804 eciam
1334 4738 1543 4826 praepositus
1576 4736 1673 4801 dictas

253 4842 407 4930 pecunias
429 4840 464 4904 in
490 4839 556 4903 suis
577 4838 733 4918 terminis,
759 4845 795 4901 ut
824 4858 934 4923 supra,
963 4835 1137 4903 solvendas
1165 4859 1276 4903 omnes
1304 4836 1348 4901 ad
1376 4859 1411 4901 se
1432 4834 1572 4901 fideliter
1591 4833 1690 4901 colli?

128 5026 164 5075 ⁴³
216 5038 230 5089 ’8

226 5088 246 5151 ἰ’
317 5108 339 5171 Α
359 5103 424 5160 hus
440 5102 546 5160 Zahlen
562 5101 659 5158 stehen
677 5099 729 5154 auf
743 5100 841 5154 118881.
