3756 6158
279 470 342 533 272
848 471 904 521 Du
921 470 1124 535 Frsaencollsg.

280 646 373 714 simul
396 648 652 715 correctionibus
672 658 705 714 et
719 649 872 715 fraternis
893 650 1134 717 inductionibus
1152 672 1284 717 monere
1304 649 1425 717 debent
1442 649 1584 717 eundem
1600 653 1692 737 magi·

277 757 389 830 strum,
408 756 444 814 ut
463 760 567 813 cesset
586 771 607 814 a
621 751 805 815 visitatione
826 772 885 816 seu
903 751 1140 817 introductione
1159 772 1319 838 personae
1333 749 1489 833 eiusdem,
1508 759 1544 815 et
1565 750 1692 838 puniant

279 870 350 911 eum
373 847 405 910 in
428 867 485 911 suo
509 847 628 914 salario
641 848 694 914 vel
711 851 862 935 portione
882 873 941 938 per
960 874 1060 916 unum
1072 872 1235 966 mensem,
1257 849 1427 936 magisvel
1448 851 1568 932 minus,
1590 872 1692 915 secun·

277 944 353 1010 dum
374 945 491 1033 quod'
482 969 589 1034 rpsum
611 946 722 1013 dolere
742 948 883 1014 viderint
903 949 944 1016 de
964 951 1156 1016 commissis.
1200 949 1344 1049 Quod
1318 972 1346 1015 ιι
1367 949 1505 1017 eandem
1531 970 1694 1037 personam

236 1055 252 1109 5
279 1055 395 1132 quarto
416 1047 598 1111 visitaverit
619 1057 676 1113 aut
695 1047 959 1133 introduxerit,
948 1071 1022 1136 ipso
1049 1049 1215 1115 saetosus
1238 1031 1447 1136 collegiatura
1474 1050 1518 1115 sit
1544 1050 1693 1136 privatin,

276 1154 309 1208 et
337 1145 423 1210 infra
454 1168 553 1211 unum
585 1168 726 1211 mensem
759 1156 885 1213 tenetur
916 1148 1125 1213 effectualiter
1157 1147 1327 1235 collegium
1359 1150 1467 1233 exire3
1505 1149 1694 1214 contrarium

276 1244 401 1310 faciens
422 1255 546 1309 reatum
569 1247 704 1332 periurii
731 1247 879 1312 incurrat
899 1247 972 1334 ipso
998 1248 1095 1313 lacto.
1136 1246 1181 1312 Ει
1200 1248 1336 1335 quilibet
1354 1249 1588 1335 magistrorum
1608 1244 1694 1312 debet

277 1345 384 1409 omnia
404 1353 437 1408 et
458 1344 586 1431 singula
605 1349 680 1411 visa
698 1355 732 1411 et
753 1345 865 1412 audita
883 1349 918 1411 in
938 1346 1121 1414 huiusmodi
1144 1369 1245 1413 causa
1265 1356 1375 1414 tenere
1395 1345 1457 1414 sub
1481 1356 1618 1430 secreto,
1640 1345 1692 1413 sub

277 1465 335 1508 suo
358 1439 410 1527 [23
418 1440 444 1529 ⁸]
466 1445 657 1510 iuramento.

238 1552 269 1609 10
360 1542 420 1608 Et¹
443 1542 518 1609 talis
540 1545 651 1609 exiens
679 1567 738 1632 per
759 1545 845 1612 hunc
865 1544 918 1611 vel
948 1545 1046 1611 alium
1067 1544 1199 1611 modum
1221 1568 1282 1611 nec
1306 1545 1428 1611 dbecte
1457 1568 1520 1611 nec
1545 1544 1695 1611 indirecte

278 1665 337 1729 per
359 1664 394 1707 se
415 1640 466 1706 vel
489 1642 586 1707 alium
608 1645 778 1710 occasione
799 1644 885 1709 illius
907 1655 963 1709 aut
983 1644 1209 1732 praecedentis
1231 1646 1342 1710 statuti
1360 1643 1531 1711 vindicare
1551 1668 1588 1709 se
1609 1642 1694 1710 debet

276 1745 310 1808 in
329 1740 467 1835 collegio
492 1741 544 1806 vel
576 1742 684 1828 aliquo
707 1744 873 1831 magistro,
901 1743 1051 1809 inbonis
1079 1744 1206 1831 collegii
1234 1744 1287 1810 vel
1314 1744 1473 1831 magistri,
1506 1742 1570 1811 sub
1600 1766 1695 1831 poena

277 1842 422 1929 periurii,
444 1863 541 1925 quam
563 1841 710 1908 similiter
730 1844 868 1908 incurrit
887 1843 961 1930 ipso
981 1844 1078 1909 facto.

358 1946 386 2007 9.
407 1939 452 2004 Et
472 1939 605 2026 placuit,
627 1941 713 2026 quod
734 1939 823 2028 [del]
844 1965 928 2008 novo
943 1943 1077 2007 intranti
1099 1941 1269 2027 collegium
1288 1943 1473 2029 praemissa
1493 1943 1561 2007 iarn
1582 1949 1693 2007 statuta

239 2039 486 2197 &singulariter
505 2037 655 2124 legantur
676 2042 738 2106 et
728 2064 802 2128 rpsa
822 2041 1038 2129 specialiter
1028 2049 1113 2108 ruret
1099 2040 1319 2107 tobservare.

651 2175 882 2224 ιιιιιιιιιιιιιιιιι
901 2176 1086 2224 musanus
1105 2174 1325 2225 concnam!

360 2256 470 2342 „Ego⁸2
493 2256 573 2320 .N.'
564 2279 644 2338 ruro,
675 2256 762 2342 quod
790 2255 957 2325 libertates
984 2267 1017 2323 et
1043 2257 1164 2323 bonum
1191 2256 1332 2322 nationis
1357 2276 1450 2320 meac
1469 2253 1572 2321 velim
1597 2253 1692 2321 defen·

277 2355 354 2421 dere
381 2365 413 2420 et
432 2354 552 2421 bonum
573 2355 701 2442 collegii
729 2355 834 2440 huius,
863 2356 906 2421 ad
927 2378 1149 2471 quemcunque
1178 2365 1296 2422 statum
1318 2355 1490 2439 devenere,
1516 2376 1691 2443 procursare,

278 2465 310 2520 et
338 2463 458 2520 statuta
485 2465 517 2520 et
545 2456 725 2538 statuenda,
755 2477 838 2544 quae
867 2479 926 2543 per
952 2459 1107 2523 maiorem
1137 2464 1264 2542 partem
1291 2452 1420 2540 collegii
1449 2461 1527 2519 sunt
1553 2462 1588 2517 et
1613 2462 1691 2519 erml

236 2554 432 2620 wconelusa
452 2563 485 2619 et
510 2553 703 2641 approbata,
733 2577 772 2620 ao
800 2555 1047 2621 consuetudines
1075 2552 1286 2619 rationabiles
1305 2562 1411 2619 tantm
1436 2550 1576 2617 firmiter
1597 2550 1689 2618 obser·

278 2676 366 2735 vare,
397 2676 473 2719 man
482 2651 566 2741 [23¹³]
576 2653 725 2741 datisque
756 2656 935 2741 praepositi
955 2653 1205 2720 rationabilibus
1227 2652 1360 2719 obedire
1379 2661 1412 2717 et
1433 2648 1477 2716 ad
1505 2652 1612 2738 ipsius
1629 2670 1690 2717 eon·

279 2754 467 2819 vocationes
495 2755 616 2836 venire,
645 2764 701 2818 aut
728 2775 852 2840 poenas
883 2754 1010 2820 solvere
1037 2754 1089 2819 vel
1120 2757 1234 2842 poenis
1262 2755 1296 2818 in
1324 2763 1434 2817 tenore
1462 2750 1690 2817 convocationis

279 2854 445 2940 expressis
466 2874 517 2917 me
539 2851 727 2918 submittere
756 2864 787 2917 et
816 2864 951 2937 secreta,
973 2853 1148 2920 dummodo
1169 2852 1376 2941 praepositus
1396 2850 1612 2933 mandaverit,
1636 2870 1688 2914 nen

279 2954 440 3035 revelare,
474 2953 599 3017 etiamsi
627 2975 678 3017 me
708 2953 877 3038 resignare
903 2954 1091 3039 contigerit3
1135 2964 1166 3017 et
1194 2951 1281 3039 quod
1309 2953 1343 3016 in
1370 2950 1485 3017 ordine
1512 2970 1587 3016 meo
1613 2951 1688 3014 iuxta

236 3050 542 3119 teconsuetudinem
564 3050 690 3137 collegii
712 3050 810 3116 velim
835 3054 1069 3138 praepositare,
1098 3053 1183 3119 sicut
1208 3074 1260 3117 me
1280 3051 1360 3117 deus
1385 3049 1520 3117 adiuvet
1540 3060 1573 3116 et
1593 3058 1688 3115 ιιιιιιιι

278 3151 331 3217 dei
352 3149 554 3236 evangelia.“

364 3258 412 3317 to.
444 3250 527 3316 Item
550 3248 719 3335 collegium
742 3260 867 3316 tenetur
888 3250 1009 3316 habore
1030 3252 1262 3338 praepositum,
1288 3259 1321 3315 et
1347 3260 1476 3336 semper
1498 3247 1684 3336 praepositus

279 3351 428 3437 proxime
459 3349 586 3415 iuturus
619 3358 744 3415 tenetur
776 3350 1035 3437 praeposituram
1067 3359 1237 3436 acceptare
1268 3372 1328 3436 per
1360 3368 1395 3413 se
1424 3346 1478 3413 vel
1517 3368 1578 3436 per
1606 3345 1683 3412 ιιιιιιιιι

280 3471 373 3514 strum
395 3458 638 3535 procuratorem
660 3449 694 3512 in
715 3450 876 3536 principio
898 3448 1123 3535 praecedentis
1152 3449 1348 3530 mutationis,
1378 3456 1458 3535 puta
1480 3448 1569 3513 eirca
1587 3447 1682 3511 festum

236 3549 383 3614 30sancti
406 3546 494 3613 Galli
516 3557 571 3612 aut
592 3546 735 3632 Georgii,
764 3547 823 3612 sub
845 3570 951 3634 poena
972 3548 1067 3613 unius
1089 3544 1272 3633 sexagenas
1292 3568 1406 3611 novae.
1448 3545 1494 3611 Et
1514 3547 1588 3611 talis
1608 3563 1681 3631 prae

278 3649 403 3735 positus
436 3647 562 3711 futurus
593 3646 697 3732 primo
727 3645 779 3711 die
811 3670 889 3713 suae
921 3648 1166 3733 praepositurae
1193 3657 1321 3711 tenetur
1350 3648 1460 3710 iurare
1489 3647 1680 3711 iuramentum

279 3747 458 3834 praepositi
481 3768 591 3810 coram
613 3744 758 3830 collegio,
781 3745 841 3811 sub
862 3746 975 3810 eadem
997 3768 1113 3833 poena.

756 3878 985 3928 ruauuunruu
1006 3880 1221 3929 raaurosrur.

363 3960 422 4049 [Bl
432 3967 470 4028 24
479 3959 610 4048 ]„Ego
619 3960 687 4026 N
678 3982 759 4041 iuro,
768 3960 853 4047 quod
865 3963 991 4043 totiens,
1000 3963 1147 4049 quotrens
1161 3963 1326 4028 memhoc
1318 3959 1470 4047 collegro
1481 3958 1680 4048 praepositam

239 4070 272 4127 ³⁵
283 4062 463 4148 conligant
485 4060 640 4148 pecunias
662 4059 849 4145 collegii,
823 4082 949 4148 siquae
970 4060 1013 4125 ad
1033 4084 1147 4127 manus
1169 4085 1259 4128 meas
1271 4064 1429 4142 venerint,
1448 4059 1549 4126 velim
1566 4054 1680 4124 fideliter

281 4161 482 4248 dispensare,
510 4158 737 4246 aequalitatem
766 4159 873 4246 quoad
895 4161 1077 4246 magistros
1099 4161 1321 4246 observare,¹
1312 4183 1346 4225 ιιι
1367 4158 1423 4225 illo
1453 4159 1590 4242 scilieet,
1613 4146 1679 4243 quod

280 4258 400 4325 nullius
422 4280 594 4345 personam
617 4260 766 4345 magistri
791 4258 953 4345 collegiati
975 4258 1049 4325 volo
1071 4269 1252 4348 acceptare,
1274 4259 1333 4325 sed
1353 4268 1510 4347 tanquam
1531 4267 1678 4359 personam

281 4380 481 4425 communem
504 4358 652 4423 intactis
678 4356 806 4444 collegii
833 4381 883 4424 me
904 4357 978 4424 volo
1001 4359 1155 4425 exhibere
1182 4370 1214 4425 et
1241 4358 1284 4425 ad
1310 4360 1529 4447 cuiuscunque
1556 4343 1677 4442 magisffl

279 4459 320 4523 de
347 4456 482 4542 collegio
512 4458 769 4543 requisitionem,
799 4459 1049 4546 quotiescunque
1078 4481 1136 4546 per
1167 4482 1239 4524 eum
1268 4458 1444 4546 requisitus
1471 4448 1676 4539 fitero,veli11¹

236 4555 450 4641 locellegium
482 4556 567 4620 infra
598 4555 684 4623 diem
713 4555 893 4622 nattualem
924 4580 1118 4640 convocare,
1152 4568 1272 4624 statuta
1300 4566 1333 4622 et
1364 4556 1552 4640 statuenda,
1583 4561 1675 4621 ιιιιιῐι

359 4727 371 4778 1
390 4724 431 4777 Et
448 4723 515 4777 talis
530 4721 602 4777 bis'
589 4739 652 4792 apso
662 4727 748 4792 sacto
766 4721 857 4776 wird'
850 4740 878 4776 ιιι
897 4722 946 4776 der
962 4721 1098 4779 Urlrunde
1114 4739 1167 4778 von
1188 4726 1252 4778 1465
1270 4719 1457 4792 ausgebobsn.
1486 4719 1542 4777 Die
1558 4704 1673 4775 Αιιιιιιῑιᾗ

279 4807 329 4863 der
346 4805 475 4864 Statuten
493 4806 555 4863 lieet
571 4807 661 4862 satem
677 4806 721 4861 vel
737 4804 806 4861 leuse
823 4807 867 4861 od
882 4806 969 4861 αιὶιιιιι
984 4808 1135 4877 moraris,
1122 4823 1187 4877 Jene
1204 4806 1338 4865 Urlrunde
1354 4804 1489 4875 riehtigar
1505 4821 1560 4877 pes
1574 4803 1633 4857 bno
1643 4788 1674 4847 orl

278 4890 372 5030 alml
391 4974 489 5030 Dieser
505 4972 558 5029 Eid
577 4971 665 5028 findet
682 4972 742 5029 sich
763 4971 863 5029 auch
855 4989 884 5026 ιιι
903 4972 952 5028 der
969 4972 1103 5030 Urlrunde
1122 4991 1176 5029 von
1195 4979 1272 5044 14653
1295 4990 1324 5030 es
1346 4971 1440 5029 fehlen
1461 4971 1529 5029 aber
1544 4970 1585 5027 dis
1598 4966 1670 5023 warte

278 5060 469 5130 madoreque
490 5058 647 5130 praepositi
664 5056 707 5113 bis
723 5058 805 5114 odim
826 5057 1024 5128 praepositura.
1058 5057 1135 5114 Statt
1154 5059 1225 5113 sicet
1241 5076 1282 5114 ma
1303 5059 1366 5115 liest
1385 5057 1431 5114 die
1447 5054 1579 5115 Urkuntlc
1591 5053 1669 5109 sicut

279 5158 335 5198 was
352 5141 425 5199 wohl
440 5143 491 5199 das
508 5141 638 5214 Richtige
655 5141 698 5198 ist.
