3756 6158
244 483 305 545 214
813 478 868 527 Das
886 491 981 540 grosse
1000 476 1104 540 colleg.

244 661 323 750 quid
344 661 486 747 legitime
507 658 549 724 de
571 657 714 746 plurium
734 660 768 724 in
788 660 850 725 hoc
870 660 1004 746 collegio
1025 657 1186 724 concorde
1208 661 1368 725 sententia
1390 666 1547 724 statutum
1570 658 1673 724 firerit.

243 761 317 825 Meo
341 761 439 825 etiam
469 758 539 825 loco
561 760 736 824 secundum
758 758 905 824 ordinem
932 759 974 825 ab
1001 760 1134 847 antiquo
1163 757 1370 825 observatum
1399 759 1583 846 praepositi
1610 781 1673 823 mu·

244 881 321 925 nere
350 860 469 945 fungar
494 861 564 923 sine
584 859 788 924 recusatione
809 867 841 924 et
859 857 950 940 illud,
978 859 1061 924 sicut
1087 856 1224 940 debebo,
1252 857 1305 924 vel
1330 861 1401 945 ipse
1427 879 1544 943 geram
1566 856 1620 923 vel
1643 858 1675 922 in

245 982 283 1025 eo
305 958 448 1045 gerendo
470 981 605 1045 operam
635 957 779 1041 alterius,
805 959 861 1044 qui
887 980 970 1023 unus
997 959 1040 1022 sit
1067 955 1108 1022 de
1132 979 1270 1044 corpore
1295 956 1423 1044 collegii
1449 955 1558 1039 huius,
1587 953 1674 1021 adhi-

208 1070 224 1124 5
252 1058 335 1123 bebo
355 1057 595 1144 perfidamque,
617 1079 658 1121 ne
679 1058 805 1142 integro
827 1079 932 1122 annuo
953 1056 1170 1142 temporehac
1190 1057 1225 1119 in
1246 1067 1340 1141 parte
1354 1053 1478 1140 aliquid
1492 1076 1569 1121 mea
1583 1053 1676 1147 culpa

248 1157 433 1222 detrimenti
454 1156 625 1241 collegium
647 1178 717 1219 sese
740 1158 906 1242 accepisse
933 1158 1003 1220 iure
1031 1157 1185 1242 conqueri
1213 1177 1311 1241 posse
1332 1155 1493 1220 videatur.
1534 1154 1606 1218 Its¹
1626 1174 1674 1217 me

246 1256 327 1321 deus
348 1255 481 1320 adiuvet
501 1277 560 1341 per
585 1263 732 1319 sanctum
755 1253 958 1341 evangelium
980 1255 1105 1318 suum.“
1392 1330 1395 1334 Α

332 1355 495 1422 Oneratur
516 1363 625 1418 autem
654 1355 788 1441 antiqua
810 1351 1041 1419 consuetudine
1069 1353 1125 1438 qui
1150 1353 1197 1418 ita
1223 1362 1393 1439 cooptatus
1417 1351 1479 1418 fuit
1502 1347 1676 1439 impendiis

244 1453 449 1542 quibusdam,
472 1453 513 1518 de
535 1451 653 1538 quibus
674 1474 743 1517 rem
764 1452 827 1518 hoc
847 1450 943 1517 modo
966 1473 1052 1517 nunc
1074 1450 1196 1538 placuit
1216 1450 1354 1517 definiri

207 1565 237 1618 10
330 1554 356 1619 1.
378 1553 529 1619 Ministro
552 1552 791 1638 cooptationem
812 1552 971 1617 indicanti
992 1549 1084 1615 dabit
1105 1572 1240 1616 aureum
1262 1573 1363 1616 unum
1383 1559 1416 1616 et
1436 1558 1618 1636 argentum.

327 1653 367 1717 II.
390 1652 578 1719 Accersitus
608 1650 651 1716 ad
683 1673 870 1717 consessum
901 1649 1030 1736 collegii
1063 1651 1173 1714 statim
1200 1646 1443 1735 nume[9]rabit
1471 1649 1544 1717 flor.
1565 1648 1598 1713 V
1619 1671 1676 1737 pro

246 1753 351 1839 primo
373 1772 506 1819 accessu
527 1760 560 1816 et
577 1745 865 1816 emolumentorum
886 1751 1028 1816 omnium
1055 1758 1124 1815 tam
1151 1749 1329 1815 cerevisiae
1355 1770 1453 1837 quam
1475 1756 1674 1815 caeterorum

246 1851 504 1937 participatione.
548 1849 641 1929 Quae
663 1850 802 1936 pecunia
823 1850 931 1915 statim
953 1851 1039 1914 inter
1062 1846 1204 1934 collegas
1226 1846 1449 1913 distribuetur.

329 1949 387 2014 Ill.
408 1948 513 2013 Dabit
534 1948 585 2013 vel
607 1951 672 2036 ipsi
693 1947 745 2013 vel
767 1948 962 2014 haeredibus
985 1948 1065 2030 eius,
1089 1948 1144 2034 qui
1167 1947 1316 2030 decessit,
1337 1945 1407 2012 flor.
1421 1945 1487 2011 XV
1500 1946 1535 2010 in
1549 1953 1677 2011 monete

207 2052 366 2115 musitata
385 2049 470 2112 intra
492 2049 633 2135 primum
654 2069 807 2130 mensem,
836 2068 920 2136 quae
940 2046 1079 2134 pecunia
1101 2045 1143 2110 ab
1165 2068 1214 2127 eo,
1241 2047 1296 2133 qui
1322 2046 1357 2110 in
1376 2047 1480 2131 ipsius
1501 2043 1675 2131 aliquando

245 2150 352 2214 locum
373 2156 565 2232 surrogatus
586 2147 694 2230 fuerit,
716 2146 865 2213 similiter
886 2145 1082 2233 rependetur
1104 2144 1157 2212 vel
1176 2146 1242 2232 ipsi
1263 2145 1317 2211 vel
1336 2143 1535 2210 haeredibus
1556 2144 1638 2210 eius.

327 2247 403 2311 lHI.
424 2245 618 2313 Numerabit
640 2243 776 2331 collegio
796 2245 839 2310 sd
861 2255 1061 2312 structuram
1082 2243 1291 2332 peculiariter
1312 2243 1382 2309 flor.
1394 2242 1461 2308 XV
1482 2243 1518 2309 in
1538 2252 1676 2325 moneta,

246 2346 344 2431 idque
365 2348 451 2411 intra
471 2346 642 2409 trimestre.

329 2444 368 2508 V.
390 2444 473 2511 (lum
487 2453 597 2508 vetere
618 2442 848 2508 consuetudine
871 2465 891 2506 a
908 2464 993 2508 novo
1016 2442 1141 2529 collega
1162 2443 1345 2508 convivium
1368 2443 1527 2528 apparari
1548 2428 1675 2507 solenne

204 2553 312 2608 eonon
333 2543 471 2608 modicis
493 2541 652 2607 sumtibus
672 2562 805 2607 necesse
824 2540 935 2623 fuerit,
963 2543 1010 2606 ita
1030 2543 1136 2607 visum
1159 2551 1209 2606 est
1229 2541 1291 2609 hoc
1311 2551 1458 2629 tempore
1478 2562 1551 2606 rem
1570 2536 1674 2605 mode·

246 2643 329 2724 rari,
354 2652 392 2706 ut
418 2665 479 2729 pro
508 2642 665 2728 impensis
689 2643 724 2706 in
750 2642 934 2707 convivium
955 2634 1156 2706 insumendis
1179 2641 1333 2729 deinceps
1354 2642 1442 2706 intra
1463 2660 1611 2707 mensem
1631 2640 1674 2704 in-

246 2741 391 2806 ferantur
411 2742 446 2805 in
465 2741 581 2805 fiscum
604 2740 732 2826 collegii
752 2739 795 2806 ab
818 2762 1010 2827 unoquoque
1032 2762 1116 2805 novo
1139 2739 1265 2826 collega
1286 2740 1355 2806 flor.
1377 2738 1524 2805 XXXV.
1540 2736 1630 2820 ¹'Qui
1646 2746 1676 2802 et

246 2841 311 2926 ipsi
332 2838 374 2903 ad
391 2841 593 2905 necessarios
614 2838 759 2904 fabricae
780 2849 812 2904 et
834 2838 916 2905 elios
937 2862 1016 2906 usus
1038 2848 1256 2905 asserventur.
1540 2918 1547 2925 ¹

330 2937 386 3003 Vl.
407 2938 512 3004 Dabit
533 2937 665 3024 collegis
685 2940 773 3003 intra
794 2960 937 3020 mensem
957 2960 1092 3004 caenam
1113 2938 1274 3025 frugalem
1295 2938 1348 3004 vel
1372 2943 1390 3003 7
1411 2936 1567 3003 florenos.

205 3048 238 3103 25
331 3036 488 3122 VH.Vel
512 3039 583 3124 ipse
603 3038 656 3102 vel
678 3060 737 3128 per
758 3036 867 3119 alium,
897 3038 953 3123 qui
974 3047 1083 3104 tamen
1105 3039 1147 3104 sit
1167 3041 1362 3126 optimarum
1383 3037 1504 3102 artium
1518 3035 1676 3122 ,magister

246 3147 372 3202 etcum
393 3137 553 3222 dignitate
575 3136 703 3222 collegii
730 3134 866 3201 aedibus
888 3158 1041 3222 praeesse
1063 3139 1182 3225 possit,
1210 3137 1416 3204 conventoris
1439 3156 1497 3201 seu
1518 3136 1676 3200 curatoris

246 3259 360 3300 munus
382 3232 447 3322 [10]
469 3237 535 3299 suis
555 3235 714 3301 sumtibus
738 3233 909 3300 sustinebit
928 3236 1062 3319 tamdiu,
1084 3235 1188 3303 donec
1213 3236 1255 3302 ab
1284 3236 1345 3302 hoe
1372 3255 1470 3300 onere
1498 3256 1575 3299 eum
1601 3231 1676 3299 libe

247 3336 369 3399 raverit
397 3332 489 3417 alius,
518 3336 575 3419 qui
597 3334 649 3399 vel
678 3345 752 3421 post
778 3345 914 3400 mortem
936 3334 987 3398 vel
1007 3335 1224 3401 voluntariam
1243 3335 1498 3421 resignationem
1519 3333 1617 3399 unius
1637 3354 1677 3398 ex

247 3432 380 3519 collegis
410 3433 529 3498 electus
558 3442 589 3497 et
619 3434 654 3496 in
683 3432 812 3518 collegii
842 3433 1032 3499 societatem
1060 3444 1209 3521 receptus
1239 3434 1345 3498 fuerit.
1386 3432 1566 3498 Decretum
1595 3453 1677 3497 oom-

206 3542 240 3595 30
250 3533 338 3596 muni
359 3534 500 3597 omnium
522 3531 721 3618 collegarum
745 3553 914 3616 consensu,
937 3534 1124 3620 praeposito
1145 3533 1189 3601 D.
1210 3532 1374 3598 Zacharia
1395 3530 1567 3613 Schiltero,
1596 3552 1677 3596 anno

248 3640 306 3698 otc.
329 3630 374 3695 Μ.
397 3630 440 3695 Ι).
459 3629 633 3695 LXXXV.

332 3729 498 3809 Quantum
518 3751 596 3795 vero
617 3728 658 3794 de
679 3731 818 3816 pecunia
840 3732 986 3817 eorporis
1009 3739 1041 3794 et
1061 3729 1249 3812 cerevisiae,
1275 3729 1514 3797 habitationum
1535 3741 1570 3797 et
1591 3730 1678 3797 anni·

253 3829 470 3893 versariorum
498 3830 696 3894 antecessori
718 3827 772 3893 vel
797 3826 993 3893 haeredibus
1020 3831 1089 3895 eius
1117 3828 1285 3913 debeatur,
1312 3829 1410 3916 paulo
1436 3839 1512 3919 post
1536 3829 1677 3919 explica·

250 3936 317 3992 tum
340 3935 561 4012 cognoscetur.

207 4101 240 4155 35
676 4100 703 4159 4.
723 4110 771 4157 ns
794 4109 948 4159 ovrroun
971 4094 1245 4159 ΗΑιιιτΑΤιοΝιε.2

335 4220 546 4306 Singulorum
566 4220 766 4308 collegarum
787 4222 934 4308 singulae
955 4223 1171 4290 habitationes
1191 4225 1225 4288 in
1246 4224 1297 4289 his
1319 4222 1456 4289 aedibus
1476 4222 1678 4291 scholasticis

251 4321 411 4408 principis
432 4320 609 4386 maioribus
632 4324 785 4409 propriae
807 4330 891 4386 sunt.
934 4321 1017 4387 Cum
1042 4345 1108 4387 una
1135 4332 1245 4387 autem
1271 4322 1376 4388 libera
1403 4331 1573 4388 remaneat
1600 4342 1677 4388 sem·

254 4443 312 4507 per
334 4419 523 4484 decessione
544 4419 690 4503 alicuius,
719 4420 814 4486 datur
835 4421 924 4506 optio
946 4419 1079 4506 collegis
1102 4444 1194 4486 suam
1217 4422 1332 4509 cuique
1352 4443 1427 4486 cum
1453 4420 1512 4487 illa
1541 4442 1676 4487 commu·

249 4518 341 4583 tandi
368 4519 586 4605 incipiturque
614 4520 701 4605 optio
729 4519 810 4584 haec
836 4541 856 4583 a
885 4520 990 4605 primo
1019 4531 1052 4584 et
1078 4519 1227 4608 procedit
1253 4519 1368 4585 ordine
1393 4519 1439 4586 ad
1464 4529 1623 4601 caeteros,
1650 4520 1676 4583 si

209 4619 378 4703 lupriores
403 4639 475 4681 eam
497 4617 662 4698 omittant,
691 4628 787 4704 atque
815 4619 862 4681 ita
888 4640 952 4682 non
980 4617 1193 4683 excludentur
1216 4618 1258 4683 ab
1286 4618 1348 4684 hac
1369 4620 1503 4706 optione
1526 4618 1675 4704 deinceps

251 4714 410 4798 absentes,
442 4715 499 4780 sed
528 4738 585 4780 suo
612 4715 683 4780 loeo
707 4718 860 4803 cuiusque
888 4719 970 4782 ratio
995 4716 1175 4783 habebitur.
1220 4717 1287 4798 Qui
1309 4741 1388 4784 vero
1414 4718 1514 4806 eliget
1543 4717 1673 4784 alteram

252 4813 498 4896 habitationem,
518 4816 547 4880 is
571 4813 757 4881 numerabit
778 4837 825 4901 gr.
848 4822 874 4881 1.

329 5050 338 5098 1
358 5045 423 5100 Von
431 5044 574 5101 derselbsn
583 5046 668 5101 Hand
680 5045 947 5118 nschgetrsgemdie
955 5044 1028 5100 such
1039 5045 1112 5101 oben
1122 5047 1167 5101 die
1178 5048 1358 5106 Eidesfortnel
1371 5046 1583 5121 nachgstngsn
1591 5045 1683 5100 hsttm

328 5134 342 5180 2
362 5128 459 5184 Dieses
475 5146 565 5199 ganze
582 5129 698 5199 Kapitel
716 5131 753 5184 ist
770 5133 862 5201 sptter
878 5128 1089 5184 durchstrichen
1105 5129 1224 5186 worden.
