3756 6158
245 460 306 525 202
817 462 872 512 Das
891 479 985 526 grosse
1005 463 1110 528 colleg.

246 649 311 703 tum
343 649 374 704 et
403 639 589 705 conclusum
622 652 671 706 est
704 644 917 728 concorditer,
951 645 1037 731 quod
1066 644 1108 709 de
1137 666 1221 708 novo
1251 641 1421 729 collegium
1454 645 1616 709 intrantes
1646 656 1675 708 et

246 738 338 803 electi
364 738 513 804 similiter
540 742 744 809 contribuere
767 744 919 827 debeant,
949 746 1055 809 minus
1082 753 1192 809 tamen
1219 765 1317 830 quam
1344 765 1454 807 eorum
1483 743 1673 831 praedeces·

246 859 334 902 sores
355 861 393 902 eo
415 847 562 926 tempore
584 843 841 926 contribuerunt,
865 867 902 909 eo
924 843 1020 910 modo
1040 842 1126 930 quod
1150 842 1284 931 quilibet
1304 841 1344 906 (16
1365 864 1450 907 6666
1468 844 1503 907 16
1524 841 1674 928 collegis-

244 949 314 1002 tum
338 936 457 1003 electus
479 949 512 1003 et
532 940 702 1026 collegium
729 943 854 1008 intrans
876 945 963 1007 intra
986 943 1125 1029 primum
1146 964 1289 1007 mensem
1312 940 1418 1006 solvat
1439 941 1520 1007 fisco
1545 939 1675 1028 collegii

203 1045 219 1100 5
246 1035 357 1101 decem
377 1037 517 1103 florenos
539 1062 693 1105 renenses
713 1041 798 1105 ultra
819 1044 992 1128 pecuniam
1014 1065 1072 1106 sex
1094 1041 1289 1106 florenorum
1310 1042 1504 1122 renensium,
1527 1042 1623 1127 prius
1644 1041 1675 1104 in

246 1136 375 1200 statutis
396 1152 470 1201 cum
498 1160 604 1225 poena
633 1161 832 1224 expressam.
873 1141 1001 1205 Placuit
1028 1141 1132 1205 eciam
1161 1140 1307 1225 collegio,
1338 1138 1425 1226 quod
1454 1138 1535 1204 dicti
1566 1138 1676 1204 decem

245 1234 361 1300 floreni
387 1259 542 1302 renenses
567 1261 632 1304 non
659 1238 827 1304 solvantur
852 1239 1096 1326 praedecessori
1117 1262 1175 1303 suo
1198 1249 1272 1325 post
1295 1237 1421 1323 collegii
1442 1237 1675 1320 dimissionem,

246 1333 304 1399 sed
334 1345 488 1399 maneant
518 1338 552 1400 in
584 1337 663 1402 fisco
695 1360 755 1425 pro
787 1337 916 1424 collegii
949 1348 1114 1403 structura
1145 1349 1176 1402 61
1208 1339 1464 1402 conservatione.
1504 1336 1561 1401 Ad
1594 1336 1675 1415 hauc

196 1500 197 1505 ,
247 1443 355 1499 tamen
377 1433 645 1501 contributionem
668 1436 857 1502 solvendam
878 1436 1085 1501 medicnsde
1106 1460 1191 1503 novo
1214 1435 1258 1500 ad
1278 1434 1450 1521 collegium
1465 1435 1590 1501 electus
1610 1458 1672 1502 non

204 1541 236 1596 10
244 1531 341 1597 debet
368 1555 439 1598 esse
468 1536 630 1618 astrictus,
658 1537 687 1600 si
715 1546 810 1601 extra
837 1533 1007 1621 collegium
1033 1546 1120 1601 stare
1146 1537 1324 1622 optaverit3
1355 1536 1383 1598 si
1405 1555 1484 1599 vero
1505 1534 1674 1620 magistris

244 1632 278 1695 in
299 1631 434 1717 collegio
463 1637 657 1700 commorari
686 1636 864 1723 optaverit,
892 1634 1056 1720 obligatus
1078 1658 1149 1700 esse
1170 1633 1267 1699 debet
1294 1633 1337 1701 ad
1363 1631 1551 1699 sufferenda
1577 1653 1675 1698 onera

249 1741 281 1795 et
302 1730 345 1796 ad
371 1730 527 1798 solvenda
550 1733 688 1820 singula,
717 1736 801 1799 sicut
826 1735 925 1799 ceteri
950 1736 986 1798 16
1007 1733 1144 1819 collegio
1171 1742 1416 1799 commorantes.
1459 1728 1675 1823 Nihilominus

247 1840 357 1895 tamen
378 1831 562 1918 quindecim
587 1833 702 1898 floreni
726 1853 878 1898 renenses
900 1832 1032 1898 cuilibet
1052 1832 1297 1920 praedecessori
1317 1839 1393 1919 post
1414 1829 1546 1917 collegii
1567 1828 1676 1897 dimis-

245 1929 368 1994 sionem
390 1941 426 1994 ut
447 1933 538 2017 prius
566 1933 662 1997 iuxta
684 1929 949 1998 consuetudinem
978 1932 1107 2017 collegii
1134 1931 1290 1996 hactenus
1314 1930 1523 1997 observatam
1542 1939 1577 1995 et
1596 1929 1676 2005 anti·

205 2037 235 2092 15
245 2050 310 2116 qua
330 2038 450 2094 statuta
472 2052 570 2117 super
597 2030 678 2096 haec
700 2031 787 2096 edita
816 2029 859 2095 ad
886 2030 1017 2117 plenum
1046 2029 1223 2112 solvantur,
1254 2029 1347 2095 salva
1376 2040 1486 2095 tamen
1508 2026 1674 2095 modifica·

246 2128 337 2192 cione
356 2128 556 2214 superhaec
575 2129 663 2195 facta
683 2131 717 2195 in
738 2131 867 2195 statutis
889 2152 968 2195 casu
987 2152 1050 2217 quo
1072 2128 1188 2218 aliquis
1206 2127 1380 2215 collegium
1393 2127 1534 2194 donoro
1548 2128 1674 2193 intrans

247 2248 312 2291 non
334 2229 599 2313 praepositasset.

306 2397 354 2459 60.
377 2387 438 2478 [Bl.
463 2390 886 2480 14³]snu1vnnssunrno
910 2412 1085 2460 marsuae
1108 2411 1237 2460 rosnnn
1259 2409 1401 2458 (66666
1424 2408 1608 2458 6666666(

329 2522 450 2590 Statuit
471 2524 642 2611 collegium
664 2549 780 2613 mayus
809 2526 1012 2593 concorditer
1042 2526 1082 2592 de
1104 2524 1270 2591 voluntate
1292 2534 1323 2591 et
1343 2546 1505 2590 consensu
1525 2524 1675 2609 magistri

204 2621 398 2688 nolohannis
418 2623 613 2690 Hasenfeldt
638 2624 679 2690 de
700 2625 948 2708 Franckfurdis,
978 2648 1091 2691 sacrae
1110 2624 1294 2710 theologiae
1315 2623 1521 2711 professoris,
1550 2644 1674 2688 necnon

246 2721 375 2785 Hinrici
396 2721 528 2788 Greven
550 2722 591 2788 de
612 2723 820 2811 Gottingenn,
848 2724 977 2811 collegii
1003 2725 1136 2791 maioris
1159 2722 1407 2809 collegiatorum
1430 2730 1462 2786 61
1481 2720 1675 2788 huiusmodi

245 2823 372 2906 negocii
402 2832 632 2910 promotorum,
661 2834 696 2888 ut
724 2823 860 2910 singulis
888 2827 981 2889 annis
1008 2825 1043 2888 in
1072 2825 1254 2912 septimana
1275 2832 1350 2908 post
1370 2820 1571 2886 dominicam
1591 2819 1673 2888 can-

246 2929 313 2986 tate
341 2931 518 3009 peragatur
549 2924 790 2988 anniversarius
817 2921 1014 2989 venerabilis
1042 2922 1205 3011 quondam
1231 2922 1310 3003 viri,
1335 2920 1490 3006 ⁴magistri
1520 2919 1674 2986 Iohannis

247 3020 384 3087 Liriken
405 3020 446 3085 de
465 3021 713 3105 Franchfurdis,
735 3024 801 3088 iam
821 3021 925 3088 felicis
946 3022 1197 3104 recordacionis,
1219 3020 1308 3107 apud
1329 3029 1475 3084 sanctum
1495 3017 1675 3103 Nicolaum

205 3128 238 3183 25
247 3119 301 3184 Ad
322 3141 402 3205 quas
425 3120 556 3205 quidem
578 3124 732 3208 exequias
752 3124 809 3187 liat
830 3145 913 3187 6666
934 3120 1047 3209 pulsus
1069 3144 1129 3208 pro
1152 3120 1275 3207 vigiliis
1297 3129 1329 3183 et
1351 3117 1498 3205 sequenti
1520 3117 1576 3183 die
1595 3140 1675 3183 unus

248 3216 359 3304 pulsus
380 3241 440 3304 pro
462 3221 572 3302 missa,
601 3243 662 3307 pro
684 3221 802 3307 quibus
825 3221 940 3287 dentur
962 3218 1166 3307 pulsantibus
1194 3219 1229 3306 iij
1251 3233 1303 3302 61,
1331 3216 1449 3282 rectori
1478 3215 1676 3283 scholarium

248 3325 280 3380 61
301 3320 482 3383 succentori
505 3321 573 3383 eius
593 3319 688 3383 simul
710 3338 732 3382 v
754 3335 794 3404 pq.
823 3342 884 3406 pro
906 3318 1027 3406 vigiliis
1050 3328 1081 3382 et
1102 3320 1203 3382 missa
1225 3316 1449 3381 defunctorum
1461 3337 1531 3402 per
1552 3312 1675 3381 schola·

249 3438 301 3480 res
324 3414 546 3499 decantandis,
577 3416 717 3504 plebano
745 3420 768 3506 ij
791 3434 841 3503 61,
870 3419 899 3484 61
921 3440 979 3505 per
1002 3440 1036 3481 se
1058 3417 1110 3482 vel
1130 3416 1230 3481 aliurn
1252 3414 1454 3480 sacerdotem
1478 3414 1531 3478 sui
1552 3413 1675 3480 ordinis

248 3513 394 3579 ultimam
413 3514 584 3581 lectionem
604 3518 638 3581 in
659 3516 779 3603 vigiliis
799 3517 925 3603 legerit,
948 3515 1247 3604 6616161666161,
1269 3512 1394 3580 custodi
1415 3510 1576 3578 ecclesiae
1596 3535 1676 3579 unus

207 3621 301 3695 3191,
330 3614 378 3677 616
397 3623 506 3680 tamen
527 3615 615 3702 quod
635 3615 779 3681 tumbam
800 3639 872 3682 cum
896 3615 996 3681 calice
1023 3626 1055 3680 et
1082 3615 1165 3681 stola
1192 3622 1380 3702 praeparet,
1410 3610 1545 3678 cuilibet
1564 3610 1676 3678 chors·

249 3711 327 3775 lium
355 3718 374 3779 3
401 3717 439 3792 d·
467 3714 567 3800 antiq.
610 3713 773 3780 Candelas
800 3715 948 3801 magistri
975 3714 1142 3800 Henningi
1170 3713 1312 3778 defimcti
1343 3709 1515 3796 collegium
1546 3709 1592 3777 ad
1618 3710 1677 3776 hoo

248 3810 348 3893 locet,
378 3833 439 3897 pro
467 3835 531 3900 quo
560 3811 648 3877 idem
669 3813 861 3899 Henningus
892 3837 950 3900 pro
979 3813 1214 3880 restauratione
1239 3820 1251 3877 1
1276 3827 1318 3896 91.
1346 3811 1455 3898 capiat
1486 3807 1547 3897 [am
1568 3815 1677 3873 Raude

249 3916 486 3991 nactyetraqen:
507 3915 585 3992 743.
606 3911 788 3978 scolaribus
811 3912 1017 3979 cantantibus
1040 3914 1195 3979 lectiones
1217 3912 1251 3973 in
1273 3906 1418 3996 vigiliis}
1452 3907 1547 3989 Quae
1566 3911 1676 3975 omnia

249 4011 283 4074 in
311 4032 436 4074 summa
461 4010 585 4075 faciunt
613 4012 685 4099 xiiij
716 4028 757 4097 91.
783 4022 816 4076 61
840 4013 875 4099 iij
898 4015 937 4092 (ὅ.
966 4015 1057 4078 666.1
1100 4010 1171 4075 Η66
1200 4006 1371 4096 exequias,
1400 4030 1464 4094 quo
1492 4006 1537 4073 ad
1564 4006 1677 4075 horam

208 4107 438 4194 35vigiliarum
459 4118 491 4172 et
512 4110 695 4193 missarum,
724 4112 930 4197 praepositus
953 4110 1080 4197 collegii
1107 4109 1240 4175 maioris
1266 4130 1328 4194 pro
1355 4116 1504 4192 tempore
1533 4109 1676 4174 existens

250 4208 427 4292 magistris,
447 4206 488 4272 de
511 4206 625 4272 eodem
646 4208 781 4295 collegio
803 4209 977 4292 duntaxat,
999 4211 1149 4274 intimare
1170 4206 1267 4272 debet
1288 4215 1320 4270 et
1339 4204 1480 4270 fideliter
1503 4203 1675 4293 disponere

251 4304 378 4392 quoad
404 4304 532 4392 singula
559 4314 694 4389 tenetur,
723 4307 907 4374 huiusmodi
934 4311 1036 4374 eciam
1064 4306 1316 4386 ordinacionem,
1344 4322 1403 4391 per
1430 4302 1607 4391 collegium
1632 4305 1676 4370 sic

250 4406 379 4485 factam,
402 4425 444 4468 ex
464 4403 547 4469 libro
570 4413 763 4471 statutorum
785 4406 932 4492 legendo.
954 4406 1021 4471 Ubi
1042 4408 1070 4472 si
1090 4407 1240 4491 magistri
1261 4404 1505 4490 comparuerint
1524 4404 1560 4467 in
1581 4402 1675 4468 choro

251 4503 355 4566 sancti
375 4501 501 4567 Nicolai
521 4504 556 4567 in
576 4502 699 4590 vigiliis
727 4514 801 4568 ante
829 4506 926 4570 finem
956 4507 1053 4592 primi
1080 4505 1230 4570 nocturni
1257 4512 1289 4567 et
1316 4503 1350 4565 in
1371 4502 1473 4566 missa
1503 4499 1675 4588 principali

209 4600 479 4666 todetimctorum
496 4611 571 4666 ante
591 4603 773 4689 epistolam,
795 4612 828 4669 et
848 4604 895 4668 ihi
915 4604 1163 4690 permanserint,
1184 4604 1219 4666 in
1239 4599 1362 4687 vigiliis
1382 4599 1426 4664 ad
1446 4601 1555 4665 minus
1575 4619 1675 4684 nsque

252 4700 296 4765 ad
316 4699 440 4782 laudes,
468 4701 503 4764 in
523 4701 625 4766 missa
648 4702 816 4790 usquead
844 4702 1005 4768 silentium
1033 4702 1180 4788 (dempto
1205 4702 1295 4765 exitu
1315 4720 1377 4786 pro
1399 4698 1594 4782 offertorio),
1622 4697 1675 4764 nbi

332 4953 343 5002 1
373 4947 420 5002 An
435 4945 525 5002 dieser
542 4947 612 5002 Zahl
630 4947 667 5002 ist
684 4949 795 5006 radiert.
830 4946 963 5005 Offenbar
979 4947 1061 5003 stand
1079 4945 1242 5020 anstinglich
1256 4946 1340 5016 mstiq.
1375 4945 1443 4999 Man
1460 4943 1615 5002 6616616116
1632 4942 1673 4999 (116

253 5030 364 5086 Summe
386 5029 526 5093 6616666
550 5030 693 5104 Piennige,
717 5029 843 5105 sugleich
868 5032 999 5088 rechnete
1020 5048 1084 5087 man
1109 5031 1154 5086 die
1175 5029 1418 5101 naehgetrageneu
1440 5027 1522 5100 (und,
1545 5029 1596 5085 srie
1618 5025 1671 5083 s‘ch

253 5118 340 5168 untsn
356 5113 470 5183 ergiebt,
487 5113 613 5170 wirklich
629 5121 688 5170 erst
703 5119 797 5185 spttter
814 5115 1036 5188 heschlossenen)
1054 5122 1069 5171 ’1
1088 5115 1131 5171 Ρ1.
1150 5115 1197 5169 fur
1215 5113 1416 5170 (116661616666
1431 5111 1528 5170 hisnu
