3756 6158
737 489 787 545 Die
810 493 1028 561 philosophiscbe
1049 493 1175 546 Fecerat

781 746 903 796 zveits
920 745 1134 811 Abtheilung.

245 898 290 990 [S.
311 900 381 992 129]
411 924 459 972 nn
480 925 629 975 annisus
651 926 815 976 coisnon
836 927 937 993 non,
965 928 1058 988 onan
1082 927 1170 977 surr
1199 927 1373 977 rnornrsa
1403 927 1670 978 conunnrrsrrs

723 1026 841 1075 srnnn
861 1027 1030 1077 nonanus
1051 1028 1194 1077 narrum.

330 1137 544 1205 Constructas
565 1141 695 1206 fuerunt
718 1143 939 1229 superioribus
967 1146 1060 1209 annis
1084 1143 1182 1209 aedes
1204 1142 1301 1226 duae,
1325 1165 1464 1229 quarum
1485 1167 1590 1229 unae,
1612 1167 1668 1232 po·

206 1245 221 1299 5
249 1239 350 1304 merio
372 1240 519 1321 vicinae,
541 1238 725 1319 absolutae,
749 1240 870 1307 alterae
897 1242 1010 1308 urbem
1033 1266 1145 1308 versus
1174 1251 1261 1308 totae
1282 1242 1519 1308 exaedificatae
1541 1243 1669 1308 fuerunt

244 1335 401 1424 impensis
423 1337 604 1426 sumptibus
621 1361 641 1403 a
659 1341 885 1406 communitate
906 1341 1004 1407 studii
1024 1342 1183 1409 bonarum
1205 1344 1331 1425 artium,
1354 1343 1446 1408 cuius
1462 1341 1582 1408 ambae
1593 1341 1667 1407 illae

247 1438 401 1524 propriae
423 1448 496 1503 sunt
518 1461 590 1503 cum
612 1461 650 1504 eo
672 1441 742 1504 iure
763 1442 873 1526 eisque
894 1441 1086 1529 privilegiis,
1108 1442 1224 1530 quibus
1240 1453 1386 1508 caeterae
1400 1440 1499 1507 aedes
1516 1440 1668 1530 publicae

248 1535 458 1622 collegiorum
490 1539 685 1603 muniuntur.
729 1538 834 1620 Quam
861 1542 1094 1628 proprietatem
1122 1552 1154 1607 et
1180 1543 1421 1630 possessionem
1449 1539 1670 1606 illustrissima

247 1632 568 1702 clementissimorum
590 1637 773 1726 principum
800 1641 956 1706 autoritas
984 1640 1216 1728 benignissime
1244 1639 1456 1706 confirmavit.
1498 1637 1573 1704 Has
1595 1639 1668 1704 alie

208 1734 322 1796 tonari
344 1735 520 1819 nonlicet,
543 1735 646 1824 deque
667 1737 728 1802 hoc
749 1737 1014 1806 deliberationem
1041 1742 1163 1830 suscipi
1191 1741 1433 1829 sententiasque
1454 1738 1523 1805 dici
1544 1749 1668 1804 veteres

247 1853 360 1899 severe
381 1835 616 1924 prohibuerunt
637 1846 669 1901 et
689 1860 750 1902 nos
770 1837 968 1927 prohibitum
990 1863 1061 1907 esse
1083 1840 1239 1907 volumus.

477 2055 524 2102 DE
546 2054 743 2104 CURATIONE
764 2057 884 2107 HARUM
904 2059 1040 2108 sumum
1060 2059 1106 2106 ΕΤ
1127 2056 1431 2106 HABITATIONIBUS.

329 2163 374 2253 [S.
387 2165 456 2256 130]
478 2169 541 2235 His
562 2170 698 2237 aedibus
720 2171 878 2238 ambabus
899 2175 945 2239 ita
966 2174 1132 2254 nunctis,
1155 2181 1190 2238 ut
1210 2171 1252 2237 ab
1266 2173 1464 2259 optimarum
1479 2170 1665 2260 disciplina

248 2287 321 2329 rum
337 2266 489 2335 studiosis
503 2269 670 2336 commode
683 2271 875 2354 incolantur,
897 2272 1127 2360 dispositisque
1149 2272 1387 2338 habitationum
1407 2270 1620 2337 conclavibus
1637 2281 1666 2335 et

205 2371 236 2426 11
246 2362 319 2429 aliis
339 2364 421 2431 locis
442 2370 627 2434 tractationi
650 2371 828 2437 studiorum
849 2381 1032 2437 nostrorum
1055 2371 1322 2438 accommodatis:
1345 2379 1422 2435 ante
1447 2371 1560 2435 omnia
1581 2368 1664 2434 vide

244 2461 294 2527 hit
313 2467 468 2555 cuiusque
489 2472 653 2535 semestris
677 2470 829 2553 decanus,
852 2481 890 2537 ut
910 2474 1034 2537 curatio
1056 2472 1185 2538 aedium
1206 2479 1238 2535 et
1257 2470 1325 2536 lata
1345 2469 1445 2536 alicui
1466 2470 1529 2552 sit,
1548 2478 1582 2534 et
1599 2492 1661 2534 mu·

248 2584 309 2626 nus
322 2563 409 2632 illius
424 2567 599 2654 diligenter
614 2570 760 2636 obeatur.
791 2571 896 2636 Huius
911 2571 1052 2637 officium
1068 2580 1118 2637 est
1132 2571 1241 2637 locare
1261 2569 1481 2636 habitationes
1504 2569 1663 2655 magistris

248 2663 502 2752 scholasticisve,
521 2670 576 2756 qui
598 2669 780 2736 conducere
801 2669 981 2754 voluerint,
1004 2670 1088 2736 unde
1109 2670 1283 2737 locatorem
1305 2669 1391 2734 hunc
1419 2667 1544 2756 placuit
1572 2667 1663 2732 nomi·

247 2764 327 2826 nari.
369 2765 406 2830 In
428 2765 490 2831 hoc
511 2765 648 2853 legendo
672 2770 788 2833 seriem
809 2770 977 2835 nationum
1000 2771 1125 2835 servari
1147 2769 1286 2858 placuit,
1307 2776 1345 2832 ut
1366 2769 1474 2854 prima
1502 2776 1592 2833 esset
1608 2766 1662 2830 Po

204 2860 363 2947 20108188,
387 2864 530 2931 secunda
551 2865 724 2951 Saxonica,
745 2867 909 2933 Bavarica
930 2870 1043 2952 tertia,
1067 2868 1241 2933 Misnensis
1263 2876 1396 2952 quarta,
1427 2866 1542 2932 electio
1564 2877 1662 2930 autem

246 2963 307 3027 erit
327 2964 455 3030 consilii
477 2968 713 3032 communitatis
727 2962 859 3055 publici,
882 2967 977 3055 quod,
1000 2971 1124 3056 quoties
1145 2991 1198 3034 res
1219 2965 1405 3055 postulabit,
1427 2966 1604 3032 locatorem
1625 2987 1660 3028 ex

246 3063 411 3148 magistris
433 3065 501 3129 eius
524 3066 674 3148 nationis,
698 3067 860 3154 adquam
883 3069 983 3133 series
1009 3069 1159 3155 exposita
1188 3067 1390 3157 pervenerit,
1419 3064 1539 3152 eliget,
1560 3086 1659 3151 quern·

246 3183 372 3249 cunque
389 3165 495 3229 visum
516 3165 620 3230 fiierit
662 3165 743 3230 Eius
764 3165 918 3232 locatoris
940 3176 989 3232 est
1008 3177 1197 3253 praestare,
1219 3188 1260 3230 ne
1280 3164 1322 3231 ab
1344 3164 1513 3251 inquilinis
1535 3163 1660 3230 aedibus

251 3257 379 3348 collegii
401 3262 554 3330 damnum
575 3264 679 3348 detur,
707 3289 788 3330 neve
810 3265 937 3333 illorum
965 3265 1172 3352 improbitate
1194 3265 1373 3350 ignominia
1395 3262 1508 3353 aliqua
1529 3272 1587 3329 aut
1606 3271 1660 3327 tur

204 3361 405 3447 25pitudinis
428 3360 513 3451 [131]
535 3375 612 3430 nota
641 3375 851 3453 aspergatur3
880 3389 921 3430 ne
948 3367 999 3430 cui
1027 3365 1060 3430 hi
1091 3365 1233 3430 omnium
1261 3362 1405 3447 molesti,
1433 3363 1535 3429 multo
1568 3363 1661 3427 minus

247 3461 396 3526 iniuriosi
421 3463 499 3544 sint;
530 3487 592 3530 neu
614 3464 816 3552 proiiciendo
837 3463 1086 3546 effundendove,
1109 3463 1197 3549 quod
1216 3462 1348 3528 foedum
1369 3463 1427 3546 sit,
1456 3461 1541 3528 ullas
1562 3471 1661 3549 partes

249 3558 378 3623 aedium
399 3562 584 3649 inquinent3
616 3563 768 3651 denique,
792 3565 838 3628 ita
858 3587 893 3628 se
914 3586 1023 3628 omnes
1047 3561 1229 3649 singulique
1250 3571 1286 3627 ut
1305 3570 1438 3647 gerant,
1466 3561 1660 3648 quemadmo

249 3656 324 3723 dum
349 3660 511 3726 studiosos
529 3664 659 3728 virtutis
685 3663 907 3748 bonarumque
933 3661 1114 3727 litterarum
1138 3670 1170 3727 et
1192 3664 1308 3726 artium
1336 3683 1399 3748 par
1426 3670 1478 3726 est
1504 3683 1545 3725 ac
1572 3661 1660 3725 deoet

247 3756 385 3824 Ourabit
412 3763 509 3827 etiam
538 3762 667 3827 aedium
692 3762 778 3827 fores
806 3761 1003 3826 claudendas
1033 3759 1300 3848 aperiendasque,
1328 3770 1396 3825 tam
1423 3768 1550 3826 aestate
1577 3781 1661 3848 quam

207 3856 372 3942 30hieme,
396 3882 433 3925 eo
457 3871 617 3948 tempore,
632 3884 708 3948 ¹quo
736 3872 908 3947 utrumque
937 3861 1007 3927 fieri
1037 3860 1141 3926 debet.
1192 3860 1259 3926 Ubi
1287 3858 1418 3925 clausae
1442 3860 1582 3943 fuerint,
1608 3880 1661 3923 non

248 3959 434 4043 aperientur
456 3971 530 4024 ante
554 3963 761 4025 constitutum
782 3971 909 4047 tempus
932 3959 974 4024 ad
996 3959 1091 4027 ullius
1114 3958 1299 4041 arbitrium,
1321 3959 1386 4023 nisi
1408 3957 1543 4046 publica
1564 3959 1660 4049 priva-

248 4067 323 4121 tave
343 4059 516 4124 manit'esta
537 4061 713 4125 necessitas
736 4059 797 4125 hoc
819 4059 1042 4146 postulaverit.
1627 4074 1632 4081 “

329 4157 367 4221 In
387 4156 533 4223 locandis
554 4158 761 4225 conclavibus
785 4157 1021 4225 habitationum
1044 4159 1167 4246 placuit
1187 4158 1249 4223 hoc
1273 4160 1409 4242 servari,
1432 4168 1470 4226 ut
1491 4157 1660 4224 conducere

248 4255 380 4344 aliquod
401 4256 512 4322 volens
534 4260 730 4345 optimarum
753 4260 871 4324 artium
891 4260 1056 4344 magister,
1079 4258 1154 4323 huic
1175 4256 1254 4321 illud
1275 4281 1356 4345 prae
1377 4260 1517 4325 metaris
1538 4258 1659 4323 locetur.

205 4364 238 4420 35
251 4354 316 4420 Sed
339 4359 519 4443 quicunque
540 4357 742 4440 conduxerit,
764 4357 805 4423 ab
829 4381 865 4424 eo
888 4360 1001 4444 pensio
1024 4381 1081 4423 seu
1100 4379 1223 4422 merces
1245 4355 1458 4424 habitationis
1481 4381 1503 4424 a
1524 4366 1661 4424 curatore

248 4465 297 4519 est
318 4455 489 4541 exigenda.
529 4457 610 4523 Sunt
633 4468 740 4523 autem
763 4456 964 4543 singularum
985 4456 1219 4522 habitationum
1242 4453 1394 4521 definitae
1416 4456 1595 4523 mercedes.
1623 4453 1661 4518 Et

246 4553 304 4618 has
318 4551 446 4620 locandi
468 4557 517 4621 ius
539 4579 632 4622 omne
655 4566 686 4621 ct
706 4567 898 4643 potestatem
921 4555 1019 4622 habet
1039 4557 1077 4639 is,
1100 4556 1155 4643 qui
1177 4577 1218 4618 ex
1240 4577 1288 4637 ec,
1311 4564 1347 4620 ut
1362 4555 1492 4647 'dictum
1515 4566 1573 4640 est,
1585 4547 1660 4642 [132]

245 4651 368 4719 locator
390 4664 534 4737 vocatur,
558 4657 613 4742 qui
633 4666 665 4721 et
685 4655 850 4721 mercedes
872 4657 1004 4741 exigere
1027 4667 1058 4720 et
1085 4654 1127 4720 ad
1158 4678 1192 4719 se
1221 4654 1367 4740 recipere
1394 4653 1493 4720 debet
1521 4663 1553 4720 et
1578 4674 1659 4722 cura-

246 4754 343 4818 tionis
365 4756 537 4819 universae
560 4778 637 4821 suae
658 4758 815 4820 rationem
836 4758 1039 4842 praescripto
1062 4754 1114 4821 die
1134 4753 1272 4819 reddere
1294 4763 1326 4817 et
1346 4755 1522 4841 pecuniam
1543 4773 1659 4840 reprae-

205 4861 377 4917 tOsentare
410 4854 569 4939 integram
603 4864 634 4918 et
668 4857 737 4919 sine
772 4853 973 4919 detrimento.
1034 4855 1118 4918 Nam
1150 4863 1185 4917 ut
1216 4852 1346 4919 locandi
1384 4855 1492 4919 omnis
1528 4862 1659 4941 potestas

246 4974 345 5037 penes
371 4952 457 5017 hunc
487 4964 552 5036 est,
577 4956 624 5018 sic
644 4953 823 5040 periculum
844 4975 971 5040 quoque
993 4951 1035 5017 ad
1058 4951 1194 5017 eundem
1215 4953 1372 5039 pertinet,
1395 4963 1433 5017 ut
1454 4955 1534 5041 ipsi,
1555 4949 1658 5040 quibus

246 5048 339 5129 locet,
361 5050 632 5117 considerandum
658 5055 708 5117 sit.
743 5052 836 5117 Istud
856 5075 982 5135 munus,
1006 5054 1033 5116 si
1055 5054 1092 5133 is,
1114 5053 1165 5115 oui
1188 5049 1377 5115 mandatum
1396 5052 1468 5135 fuit,
1491 5051 1607 5117 diutius
1626 5069 1657 5111 eo

246 5150 337 5237 fungi
358 5151 486 5236 cupiat,
506 5153 572 5239 peti
594 5150 690 5217 debet
717 5175 828 5219 coram
855 5151 991 5218 consilio
1020 5150 1168 5240 publico,
1191 5160 1227 5215 ut
1253 5150 1315 5217 hoc
1342 5151 1553 5236 concedatur,
1571 5149 1657 5236 idque
