3756 6158
403 1782 406 1788 .
436 1728 476 1794 Β.
506 1727 718 1816 zwm'ruu
737 1724 860 1792 BAND
882 1725 976 1795 DER
996 1726 1117 1795 LIBRI
1138 1728 1454 1798 STATUTORUM
1504 1809 1509 1816 ‚

830 1939 1037 1959 ..ι-*-

248 2098 272 2149 4.
305 2098 437 2150 uanus
462 2060 865 2151 ossinwaneaoscsion
886 2094 965 2146 von
990 2096 1106 2150 sassa
1128 2098 1199 2162 icoo,
1222 2098 1288 2151 um·
1310 2089 1497 2163 zuslsznn
1515 2097 1572 2151 sis
1589 2095 1653 2152 zcu

719 2220 721 2228 ,
833 2179 950 2232 asnaa
977 2180 1067 2234 nna
1540 2194 1549 2223 ··

692 2312 717 2377 L
746 2291 1003 2376 clemencie
1029 2330 1208 2379 acinon.
1259 2381 1263 2389 ,

207 2488 223 2543 5
286 2466 345 2565 [Bl
377 2474 421 2565 1⁸]
444 2477 611 2543 Statuta
631 2448 908 2564 respicientia
928 2475 1073 2542 decani
1094 2461 1360 2562 electionem,
1378 2500 1488 2567 ‘quae
1516 2477 1601 2565 legi

502 2672 504 2678 Ι
544 2575 693 2685 debent
720 2586 904 2679 tempore
930 2576 1149 2687 electionis
1177 2576 1391 2681 eiusdem

592 2761 596 2771 “
672 2725 1082 2825 1.ssu1>usn1.aon1on1s
1100 2747 1240 2826 oseam.
1316 2749 1348 2818 ’,

333 2877 443 2950 Primo
466 2863 632 2959 statuitin,
665 2873 751 2962 quod
774 2873 912 2940 facultas
942 2877 1065 2941 arcium
1087 2877 1121 2939 in
1141 2898 1225 2941 anno
1248 2875 1329 2942 duos
1353 2875 1451 2941 debet
1468 2875 1588 2942 habere
1605 2874 1647 2939 de

249 2999 357 3058 canos,
378 2976 617 3071 quornmlunns
639 2972 722 3060 elegi
749 2972 846 3039 debet
865 2971 1002 3039 sabbato
1025 2985 1101 3039 ante
1118 2975 1236 3040 festum
1257 2973 1401 3074 Georgii,
1421 2973 1566 3064 reliquus
1589 2973 1646 3062 at

211 3086 242 3142 10
250 3076 327 3142 bato
349 3085 424 3140 ante
442 3076 560 3175 festum
581 3070 704 3138 Galli„
746 3071 748 3075 ’

646 3211 676 3272 2.
698 3221 822 3283 cosme
842 3221 999 3270 reasons
1019 3221 1116 3276 amni
1134 3217 1259 3288 nunni.
1314 3268 1318 3278 ,

329 3324 444 3390 Nullus
465 3325 499 3387 in
520 3321 678 3386 decanum
705 3318 868 3385 facultatis
898 3321 1016 3386 artium
1046 3320 1134 3406 eligi'
1149 3320 1260 3404 debet,
1294 3323 1357 3388 nisi
1390 3322 1431 3388 de
1458 3322 1591 3407 consilio
1615 3322 1647 3385 sit

247 3423 410 3489 facultatis
432 3424 465 3487 ct
484 3425 519 3486 in
541 3419 654 3486 eadem
674 3418 827 3484 facultate
846 3441 972 3505 regens.
1014 3418 1059 3484 Et
1086 3421 1182 3485 istum
1202 3424 1237 3485 in
1259 3423 1429 3509 proposito
1449 3430 1547 3488 vocat
1564 3419 1648 3486 facul·

248 3534 299 3588 tas
320 3530 569 3607 acturegentem,
592 3521 648 3607 qui
670 3541 763 3583 suum
783 3517 899 3603 legerit
918 3517 1117 3584 ordinarium
1138 3530 1170 3583 et
1186 3521 1315 3607 incepit,
1338 3523 1366 3586 si
1387 3544 1544 3609 praesens
1558 3520 1648 3596 luent,

214 3633 327 3688 leonte
363 3624 479 3687 festum
511 3621 651 3684 omnium
682 3627 883 3698 sanctorum,
915 3618 944 3681 si
974 3640 1051 3682 vcro
1080 3617 1216 3701 absens,
1244 3628 1318 3684 ante
1338 3621 1457 3686 festum
1483 3618 1648 3686 nativitatis

251 3722 374 3789 Christi
394 3722 428 3785 in
449 3720 555 3785 hieme
590 3715 662 3801 (sed
688 3718 724 3780 in
750 3724 873 3781 aestate
898 3717 1043 3802 incipere
1063 3716 1158 3781 debet
1179 3718 1392 3784 antefestum
1410 3720 1565 3786 Iohannis
1584 3727 1646 3784 aute

248 3831 374 3909 portam
407 3819 560 3900 latinam,
596 3817 624 3881 si
644 3837 798 3902 praesens
830 3814 943 3896 fuerit,
981 3814 1097 3881 absens
1134 3839 1211 3882 vero
1248 3828 1323 3882 ante
1353 3819 1471 3884 festum
1503 3818 1643 3884 Iohannis

248 3921 443 4006 baptistae),
476 3928 508 3982 et
529 3915 657 4003 publice
678 3917 712 3978 in
741 3912 836 3978 scolis
859 3915 1058 3979 continuavit
1086 3917 1163 3989 (nisi
1193 3916 1314 3981 decano
1344 3919 1540 4000 constiterit,
1576 3913 1648 4004 qood

249 4019 416 4086 lectorium
436 4016 557 4082 habere
579 4037 645 4080 non
666 4013 800 4100 potuit),
832 4022 865 4076 ct
884 4012 921 4076 in'
941 4012 1054 4079 ordine
1075 4037 1133 4080 suo
1156 4015 1319 4082 ordinarie
1341 4016 1540 4104 disputavit,
1559 4015 1649 4081 ‘acin

205 4117 441 4207 20quodlibeto‚
462 4117 490 4181 si
505 4136 660 4209 praesens
678 4112 785 4195 fuerit,
806 4110 1031 4211 respondebat
1138 4134 1141 4141 ’

288 4273 316 4336 3.
338 4279 567 4334 nnosusnoos
590 4281 763 4341 colmano
784 4278 929 4327 monam
950 4279 1065 4327 uaeas
1078 4263 1367 4335 *msensscmusn
1394 4282 1614 4332 οιωιωυι

328 4382 457 4465 Placet,
491 4378 577 4468 quod
606 4377 742 4468 quilibet
765 4378 993 4463 magistrorum
1013 4379 1046 4442 in
1067 4378 1177 4464 aliqua
1198 4381 1375 4459 mutatione
1395 4383 1547 4468 proxime
1566 4379 1648 4446 deca·

245 4481 371 4547 naudus
394 4481 547 4565 deinceps
571 4482 605 4543 in
633 4476 759 4544 actibus
787 4476 964 4542 scolasticis
990 4476 1144 4564 legendo,
1174 4477 1371 4567 disputando
1392 4491 1450 4547 aut
1470 4476 1648 4547 resumendo

332 4701 343 4750 l
363 4695 405 4750 Im
423 4693 547 4766 Original
566 4693 691 4767 orhalton
706 4695 744 4748 im
768 4695 882 4750 zweiten
907 4690 1135 4751 Statutenbande
1171 4696 1236 4769 Vgl
1257 4696 1394 4754 Urknndl.
1420 4696 1538 4763 Quellen
1564 4698 1589 4753 S.
1606 4699 1646 4751 996

246 4781 289 4836 bis
308 4786 365 4837 842.
400 4778 455 4834 Die
472 4778 649 4851 Beaifferung
665 4779 714 4834 der
727 4778 836 4849 Capitol
853 4779 904 4833 wie
920 4778 969 4833 der
986 4777 1185 4851 Paragrephen
1210 4779 1298 4837 findet
1320 4779 1381 4836 sich
1396 4779 1500 4839 bold&
1516 4782 1552 4836 im
1568 4778 1644 4849 odgi-

250 4864 297 4919 nal
312 4864 368 4918 und
386 4863 489 4918 stimmt
506 4864 544 4918 im
561 4864 722 4935 uolgenden
741 4863 792 4917 mit
808 4861 910 4918 diesem
928 4861 1048 4919 iiberein.
1084 4863 1144 4919 Das
1163 4863 1236 4919 Jahn
1264 4870 1328 4922 1499
1344 4863 1454 4937 ergiabt
1471 4864 1530 4920 sich
1547 4881 1593 4919 ano
1606 4862 1646 4917 der

253 4949 326 5004 Note
343 4947 380 5001 im
399 4953 490 5002 ersten
507 4944 838 5011 Sannabande‚³dureh
855 4945 957 5002 welche
973 4946 1095 5002 donabo
1113 4949 1264 5020 antiqnieet
1283 4950 1366 5005 wara
1400 4948 1545 5019 Vgloban
1561 4946 1644 5002 aut.

251 5030 305 5085 Die
323 5030 517 5108 Bezugnahme
537 5029 588 5086 anf
602 5030 645 5086 die
664 5027 852 5086 Reformation
869 5047 932 5085 vom
950 5030 1022 5086 Jahr
1042 5037 1106 5087 1496
1124 5032 1199 5102 zeigt
1219 5033 1278 5088 sich
1296 5031 1507 5104 grontenthffls
1528 5029 1594 5087 such
1613 5027 1643 5081 ln

248 5114 411 5171 Wortlaute.
