3756 6158
723 457 778 505 Des
798 456 932 506 lohannes
949 456 1028 507 Fabri
1048 457 1081 506 de
1099 456 1213 508 Werdea

472 643 522 704 50.
555 653 749 703 unnnnruu
771 654 839 703 eno
861 652 1194 703 cousrmamoumus
1212 651 1285 700 non
1304 652 1458 737 0101101οζ
1550 719 1552 723 y

334 768 469 833 Mandat
481 768 629 835 omnibus
641 779 716 835 etc:
739 781 895 857 quatenus
910 768 1033 834 nullum
1047 769 1192 855 ipsorum
1206 767 1431 834 conventicula
1438 788 1498 835 seu
1509 767 1670 854 conspira-

252 872 355 936 tiones
375 868 506 957 (quibus
522 891 589 956 pax
602 877 634 935 et
646 869 821 935 concordia
830 869 982 946 violatur)
998 869 1099 934 faciat
1112 877 1169 932 aut
1182 866 1246 932 illis
1260 865 1503 955 quomodolibet
1516 868 1671 933 interesse

251 978 454 1057 praesumat,
483 965 568 1055 [221]
601 990 705 1054 neque
731 971 829 1033 etiam
862 968 1001 1056 aliquem
1033 968 1085 1032 vel
1117 966 1243 1054 aliquos
1276 966 1320 1032 ad
1352 966 1411 1033 bas
1438 965 1606 1034 iaciendas
1625 965 1670 1031 di·

229 1077 344 1135 trecte
362 1066 417 1137 val
436 1067 592 1132 indirecte
612 1067 745 1132 inducat
766 1091 823 1133 seu
843 1071 958 1157 quovis
977 1067 1073 1133 modo
1095 1066 1232 1149 alliciat,
1256 1067 1316 1132 sub
1337 1088 1443 1154 poena
1462 1089 1523 1154 per
1577 1096 1644 1148 cuv

252 1171 381 1234 sitatem
409 1166 563 1232 dictanda
588 1175 620 1233 et
647 1167 953 1233 contrafacientibus
982 1167 1169 1253 infligenda.
1211 1165 1248 1233 Si
1269 1165 1502 1285 verqupiquod
1523 1155 1704 1266 0ψῆ,Ῐὴ-

248 1280 317 1332 tum
336 1267 558 1332 universitatis
581 1288 653 1330 sese
672 1267 707 1330 in
727 1289 919 1353 quacunque
938 1288 1038 1332 causa
1057 1276 1230 1354 gravatum
1244 1260 1449 1335 senseirt'aut
1461 1288 1544 1354 repu

250 1366 330 1433 illud
352 1366 439 1431 idem
459 1367 624 1431 dominum
644 1376 803 1431 rectorem
822 1364 982 1454 intrepide
1003 1367 1153 1433 accedat:
1174 1377 1206 1432 et
1226 1365 1332 1432 eidem
1351 1388 1450 1432 eausa
1469 1387 1554 1453 grav
1585 1398 1600 1422 ιι
1616 1357 1704 1422 ἰι““ι’““

124 1495 126 1499 ·
249 1465 433 1532 huiusmodi
452 1467 637 1553 proposita,
659 1464 699 1530 de
721 1488 803 1553 pace
824 1465 962 1553 talisque
982 1468 1182 1552 gravaminis
1203 1465 1385 1532 sublatione
1403 1464 1580 1532 salubriter
1597 1486 1670 1553 pro

209 1564 389 1648 tovidebit,
416 1563 469 1629 vel
490 1564 604 1630 saltem
626 1569 656 1630 ei
674 1587 734 1654 per
756 1564 923 1631 consilium
943 1567 1181 1651 universitatis,
1209 1568 1237 1633 ai
1257 1589 1340 1654 opus
1359 1567 1475 1655 fuerit,
1501 1563 1673 1689 provisi*

248 1665 423 1752 vigilanter
441 1664 639 1752 procurabit.
679 1665 803 1730 Datum
823 1676 882 1731 etc.
1416 1660 1425 1671 ‘
1550 1674 1554 1685 '
1645 1686 1667 1703 ¹⁰

247 1841 295 1901 51.
323 1850 517 1899 munerun
537 1850 584 1898 00
607 1848 791 1898 00000000
813 1848 985 1898 aanormo
999 1849 1162 1898 ramosa
1176 1849 1317 1898 namura
1330 1847 1435 1898 noms
1449 1814 1679 1900 monnarii&

549 1950 594 1997 nr
616 1948 688 1997 uon
708 1947 874 1997 vaoenuo
897 1947 985 1996 rosr
1009 1948 1213 1997 cmusuaau
1235 1949 1365 1998 000010

331 2048 416 2119 Cum
446 2071 551 2136 nuper
583 2070 643 2135 per
671 2047 840 2114 consilium
865 2049 1087 2113 universitatis
1112 2047 1316 2113 concorditer
1344 2048 1533 2114 conclusum
1561 2048 1667 2133 fuerit,

209 2162 241 2219 15
250 2144 285 2251 qs
314 2148 338 2217 (1
351 2132 504 2234 '³collegia
532 2157 564 2213 et
590 2145 710 2213 bursae
739 2169 798 2236 per
820 2147 1062 2243 universitatem
1082 2146 1284 2234 approbatae
1304 2147 1346 2214 ob
1367 2158 1473 2214 certas
1492 2147 1667 2215 rationabi-

232 2244 236 2249 ’
275 2242 280 2253 '
316 2234 418 2343 'bac
437 2256 590 2336 urgentes
610 2268 726 2312 causas
749 2241 889 2311 serotino
910 2256 1057 2333 tempore
1077 2256 1152 2312 ante
1173 2246 1287 2313 horam
1308 2269 1428 2314 nonam
1448 2269 1509 2335 per
1529 2244 1666 2323 0011000·

248 2324 337 2429 tbrad
357 2344 398 2414 ‘'et
414 2359 557 2414 rectores
578 2345 821 2434 praedictorum
840 2344 986 2412 locorum
1007 2345 1113 2412 claudi
1135 2346 1275 2413 debeant
1296 2355 1328 2413 et
1348 2349 1467 2430 serari,
1493 2358 1666 2437 eapropter

254 2473 295 2516 ex
316 2448 446 2515 decreto
468 2448 609 2534 praelati
628 2445 753 2512 cdnsilii
774 2445 821 2510 .N.
844 2456 905 2512 etc.
924 2456 1032 2512 rector
1059 2447 1193 2513 mandat
1217 2445 1365 2512 omuibus
1386 2456 1419 2511 et
1440 2446 1578 2534 singulis
1598 2449 1666 2515 uui·

249 2549 413 2616 versitatis
439 2547 582 2613 eiusdem
609 2556 686 2612 etc:
713 2555 872 2633 quatenus
902 2545 1026 2611 nullum
1051 2548 1198 2633 ipsorum
1222 2545 1375 2634 deinceps
1406 2555 1483 2633 post
1508 2549 1667 2634 praesori-

207 2644 340 2738 20ptam
360 2649 474 2720 horam
492 2669 611 2711 nonam
631 2644 754 2731 absque
775 2644 965 2717 rationabili
989 2655 1021 2710 et
1041 2644 1187 2732 legitima
1204 2667 1303 2710 causa
1321 2645 1356 2709 in
1377 2644 1494 2732 plateis
1513 2644 1567 2712 vel
1585 2642 1667 2735 [23⁸]

226 2790 235 2813 -.-
249 2751 330 2815 vicis
352 2748 532 2835 praesentis
552 2744 665 2832 oppidi
685 2746 801 2831 vagari
821 2755 1019 2832 praesumat,
1039 2767 1151 2809 verum
1172 2747 1279 2832 potius
1297 2746 1501 2833 praescripto
1514 2754 1667 2834 tempore,

249 2870 290 2914 ne
318 2845 497 2935 periculum
525 2867 582 2909 scu
607 2842 761 2908 damnum
780 2842 911 2929 aliquod
929 2846 1091 2927 incurrat,
1121 2845 1154 2909 in
1174 2844 1247 2910 loco
1269 2867 1349 2911 suae
1368 2844 1581 2933 habitationis
1601 2847 1667 2912 sive

248 2949 385 3013 stantiae
405 2968 476 3010 sese
497 2946 668 3009 contineat.
709 2942 777 3008 Sub
798 2965 903 3030 poena
921 2944 1017 3009 unius
1038 2943 1152 3010 floreni
1172 2955 1231 3011 etc.

246 3119 295 3178 52.
324 3129 518 3179 munerun
540 3128 588 3176 00
609 3127 713 3176 larus
733 3127 806 3176 uon
828 3127 1034 3193 ronranms,
1055 3128 1186 3178 mairo
1208 3128 1280 3177 nou
1301 3128 1472 3178 uursnno
1492 3114 1666 3191 uunmous

205 3219 239 3278 25
796 3227 868 3275 uon
889 3227 1118 3276 nuscanum.

328 3328 465 3394 Mandat
491 3326 640 3394 omnibus
667 3337 741 3392 eto:
779 3335 937 3414 quatenus
967 3326 1089 3392 nullum
1121 3329 1266 3415 ipsorum
1296 3326 1449 3416 deinceps
1483 3332 1520 3396 in
1552 3330 1668 3418 plateis

248 3426 301 3492 vel
320 3428 402 3493 vicis
422 3428 516 3494 huius
539 3425 654 3516 oppidi
675 3425 813 3511 gladios,
835 3425 989 3509 cultellos,
1012 3429 1169 3515 pugiones
1192 3437 1248 3493 aut
1269 3430 1558 3514 quaecunquealia
1575 3451 1667 3497 arma

250 3527 388 3612 deferat,
415 3526 468 3593 vel
496 3538 619 3591 mutato
650 3524 764 3590 habitu
788 3547 846 3590 seu
872 3527 956 3591 facie
983 3527 1091 3592 velata
1119 3527 1295 3616 praedictis
1317 3529 1352 3592 in
1369 3527 1589 3614 locis'vadat,
1617 3529 1669 3596 vel

250 3626 408 3693 clamores
429 3625 602 3692 horribiles
622 3648 711 3691 more
730 3647 926 3710 onagrorum
947 3628 1111 3690 nocturnis
1132 3625 1335 3714 temporibus
1349 3631 1478 3714 excitet,
1498 3651 1561 3695 nec
1575 3628 1670 3695 ludos

207 3726 380 3792 30111101100
408 3736 559 3792 exerceat
584 3724 637 3790 vel
660 3727 695 3789 in
724 3723 869 3789 tabernis
892 3727 1072 3811 praesentis
1094 3726 1207 3813 oppidi
1227 3736 1284 3791 aut
1304 3726 1454 3793 villarum
1474 3750 1533 3795 seu
1554 3728 1667 3794 subur-

250 3825 379 3891 biorum
399 3823 504 3891 eidem
525 3825 646 3914 oppido
668 3826 968 3889 circumiacentium
989 3823 1126 3907 latitare,
1149 3835 1206 3890 aut
1225 3847 1436 3915 quaecunque
1452 3827 1568 3893 illicita
1588 3827 1669 3894 inibi

249 3934 437 4011 perpetrare
459 3922 597 4006 studeat,
619 3946 679 3988 nec
700 3926 797 3988 etiam
818 3922 940 3988 incolas
962 3921 1056 3988 huius
1078 3923 1191 4010 oppidi
1214 3934 1270 3989 aut
1290 3947 1496 4013 quoscunque
1517 3925 1600 3991 alios
1617 3925 1670 3991 vel

248 4026 282 4087 in
309 4027 456 4111 personis
484 4022 538 4088 vel
565 4022 663 4088 rebus
689 4022 861 4089 molestare
888 4045 945 4088 seu
972 4022 1180 4089 damnificare
1210 4035 1413 4110 praesumat,
1450 4047 1512 4091 nec
1541 4026 1670 4095 iniuriis

250 4122 494 4213 quibuscunque
514 4122 644 4188 afficere
666 4121 794 4188 audeat.
836 4121 905 4188 Sub
927 4145 1033 4210 poena
1054 4124 1148 4189 unius
1168 4123 1283 4190 floreni
1304 4134 1362 4190 etc.

206 4299 241 4356 35
489 4295 539 4357 53.
572 4306 767 4356 munerun
784 4307 831 4355 un
853 4267 1071 4356 susenusonn
1092 4308 1164 4357 nou
1185 4308 1430 4358 orrannnnno.

328 4422 464 4489 Mandat
488 4422 637 4489 omnibus
665 4433 739 4489 etc:
773 4435 929 4511 quatenus
955 4425 1077 4491 nullum
1101 4426 1248 4512 ipsorum
1280 4424 1433 4513 deinceps
1461 4434 1669 4493 executorem

247 4523 407 4606 iustitiae,
439 4545 533 4610 quem
563 4522 686 4588 lictoris
719 4520 805 4610 [231]
837 4527 967 4592 nomine
998 4525 1131 4612 quidam
1167 4523 1350 4611 appellant,
1390 4524 1467 4591 dum
1493 4547 1586 4593 reum
1612 4525 1669 4593 ali·

250 4646 356 4709 quem,
376 4646 434 4711 per
454 4623 646 4689 sententiam
666 4624 762 4689 morti
783 4621 960 4708 addictum,
981 4647 1088 4712 poena
1105 4625 1252 4689 iniuncta
1272 4624 1401 4691 afficere
1419 4626 1615 4711 temtaverit,
1634 4627 1669 4691 in

250 4724 405 4790 exercitio
426 4722 616 4807 actibusque
638 4724 706 4788 suis
727 4725 841 4811 quovis
861 4723 957 4791 modo
977 4723 1150 4811 impediat,
1176 4722 1245 4807 vel,
1274 4725 1354 4789 siin
1375 4726 1566 4813 exequendo
1587 4748 1669 4814 opus

206 4828 344 4887 40suum
363 4822 530 4910 negligens
553 4832 608 4887 aut
628 4821 817 4910 imprudens
838 4835 987 4912 repertus
1008 4825 1118 4907 fuerit,
1138 4833 1325 4911 percutere,
1346 4826 1475 4909 iacere,
1495 4827 1668 4894 vtdncrare

250 4921 301 4985 vel
323 4922 471 4987 occidere
491 4933 692 5010 praesumat,
725 4943 786 4987 nec
806 4924 913 5009 ipsum
934 4923 1142 4989 iudicandum
1163 4925 1204 5002 (si
1230 4945 1310 4988 casu
1334 4924 1496 5010 aulisgerit
1514 4925 1568 4992 vel
1595 4949 1667 4993 eva·

248 5022 338 5098 serit)
360 5021 542 5104 defendere,
565 5021 753 5105 conducere,
775 5031 946 5108 protegere
968 5023 1020 5087 vel
1041 5033 1210 5110 receptare
1232 5021 1367 5089 studeat.
1401 5023 1470 5090 Sub
1492 5048 1599 5114 poena
1619 5048 1666 5091 re·

249 5120 432 5207 legationis.
473 5121 596 5185 Datum
618 5132 678 5187 eto.
