3756 6158
243 527 304 590 246
816 524 871 573 Das
887 522 977 574 klolno
995 522 1098 585 Colleg.

245 705 476 793 Grymmenses
497 716 529 771 et
553 703 620 769 divi
643 703 733 771 Petri
760 716 834 794 post
861 707 1092 773 monasterium
1114 704 1376 794 praedicatorum
1404 727 1509 795 prope
1535 703 1664 787 fontem,

247 807 496 872 fructificantem
524 807 696 892 quotannis
723 816 861 895 quatuor
881 806 1020 873 florenos
1046 827 1198 870 renenses
1226 806 1261 869 in
1288 806 1436 892 pecunia.
1473 804 1529 870 De
1549 803 1665 894 quibus

245 908 279 970 in
299 906 522 971 anniversario
543 903 682 990 praefati
704 905 828 972 domini
850 905 1002 988 doctoris,
1025 903 1160 992 singulis
1181 905 1275 968 annis
1294 906 1328 969 in
1348 904 1428 970 aede
1450 904 1519 970 divi
1540 901 1665 970 Nicolai

246 1006 359 1092 quinta
391 1005 473 1070 feria
505 1013 578 1091 post
608 1003 731 1073 Kiliani
764 1028 837 1070 cum
863 1005 986 1093 vigiliis
1013 1014 1045 1069 et
1072 1005 1218 1090 sequenti
1246 1027 1318 1068 cum
1347 1005 1455 1069 missis
1484 1005 1665 1070 animarum

202 1114 219 1168 5
245 1102 450 1186 celebrando,
472 1103 568 1168 datur
580 1102 708 1169 domino
729 1103 869 1190 plebano
891 1127 973 1169 uuus
994 1103 1144 1184 florenus,
1166 1104 1250 1167 iuter
1270 1104 1436 1168 ministros
1458 1114 1490 1168 et
1511 1101 1665 1171 officiales

244 1226 317 1268 suos
348 1200 551 1283 dividendus,
581 1212 676 1288 prout
704 1204 739 1267 in
769 1202 885 1268 litteris
915 1203 1166 1270 confirmationis
1196 1202 1342 1290 episcopi
1367 1200 1666 1288 Mersseburgensis

243 1301 383 1389 desuper
403 1301 557 1366 confectis
579 1299 665 1365 clare
688 1303 868 1367 continetur
891 1311 923 1367 et
951 1311 1000 1367 est
1020 1323 1224 1389 expressnm3
1252 1302 1329 1366 item
1350 1300 1390 1366 de
1410 1301 1526 1367 eadem
1545 1322 1664 1367 memo·

242 1401 293 1466 ria
323 1400 487 1486 collegiati
518 1399 611 1463 huius
640 1399 777 1487 collegii,
806 1403 841 1466 in
872 1401 1061 1489 praemissis
1083 1398 1197 1467 officiis
1219 1399 1440 1465 defimetorum
1464 1410 1664 1489 praesentes,

243 1498 409 1565 habebunt
430 1521 530 1564 unum
551 1496 708 1563 florenum
729 1521 804 1564 cum
822 1500 940 1584 medio,
967 1500 1132 1566 residuum
1153 1522 1231 1565 vero
1252 1520 1313 1586 pro
1333 1520 1432 1565 censu
1458 1508 1598 1587 quatuor
1617 1514 1665 1587 qt,

206 1597 431 1665 loabbatissae
453 1597 744 1681 sanctimonialium
763 1609 857 1665 extra
877 1622 987 1665 muros
1000 1599 1191 1687 Liptzenses
1211 1596 1435 1686 persolvendo,
1456 1609 1490 1665 et
1505 1609 1667 1665 suasura

243 1698 357 1762 domus
377 1696 522 1762 eiusdem
544 1697 772 1781 reservabitur,
800 1699 895 1765 sicuti
915 1701 949 1764 in
970 1701 1148 1787 praetactis
1168 1696 1284 1763 litteris
1306 1697 1568 1764 confimacionis
1588 1696 1666 1763 haec

243 1808 275 1863 et
301 1798 367 1862 alia
393 1795 520 1885 plenius
544 1804 619 1860 sunt
637 1818 797 1883 expressa
816 1806 848 1863 et
868 1797 1041 1886 descripta
1082 1797 1127 1862 Et
1146 1795 1273 1863 litterae
1294 1804 1483 1884 praetactae
1503 1799 1538 1862 in
1557 1795 1668 1863 lodula

245 1899 315 1962 sive
336 1898 457 1963 scrinio
479 1894 608 1981 collegii
630 1896 843 1974 continentur,
864 1919 947 1983 quae
965 1896 1019 1962 vel
1039 1895 1125 1984 quod
1148 1904 1197 1961 est
1217 1898 1251 1961 in
1269 1895 1468 1962 bibliotheca
1480 1896 1628 1983 collegii.

326 2002 355 2064 8.
376 1994 438 2084 [Bl.
461 1992 535 2082 271‘]
563 1995 700 2082 Insuper
719 2017 804 2061 anno
827 1995 996 2062 millesimo
1017 1995 1333 2082 quadringentesimo
1354 1996 1667 2082 nonagesirnotercio

206 2098 356 2179 150493)
379 2095 461 2161 obiit
482 2092 670 2182 spectabilis
687 2105 718 2160 et
737 2097 888 2183 egregius
905 2093 1052 2161 dominus
1072 2094 1275 2160 Iohannes
1295 2093 1446 2159 Brandt
1468 2093 1515 2160 de
1535 2093 1665 2159 Retin-

242 2196 388 2282 burga,
409 2196 624 2281 ingenuarum
645 2195 762 2260 artium
783 2217 910 2261 necnon
929 2196 1034 2260 tocius
1053 2192 1278 2281 philosophiae
1297 2203 1329 2258 et
1350 2214 1464 2258 sacrae
1483 2192 1665 2280 theologiae

245 2294 409 2380 professor
438 2315 477 2358 ac
498 2292 592 2357 huius
614 2291 741 2381 collegii
771 2292 970 2380 collegiatus,
997 2294 1089 2358 cuius
1116 2293 1350 2358 testamentarii
1377 2290 1507 2358 fuerunt
1531 2314 1664 2381 praeno·

245 2395 359 2458 minati
390 2393 514 2460 domini
543 2390 691 2457 doctores
721 2400 753 2457 et
784 2394 934 2480 magistri
962 2391 1175 2458 Leonhardus
1204 2390 1441 2478 Messenbergk
1471 2391 1663 2480 Liptaeusis‚

244 2492 399 2559 ecclesiae
424 2491 700 2577 Nawnburgensis
731 2495 903 2575 canonicus
932 2501 1002 2575 ete,
1032 2500 1064 2557 et
1088 2492 1249 2557 Iohannes
1277 2489 1482 2578 Reynhardt,
1511 2490 1664 2558 eeclesiae

205 2592 543 2679 20Mersseburgensis
571 2592 756 2674 canonicus,
786 2593 841 2680 qui
871 2591 1006 2678 collegio
1034 2602 1146 2657 nostro
1174 2612 1234 2679 pro
1263 2589 1491 2657 observatione
1519 2594 1662 2657 anniver

247 2692 324 2757 sarii
345 2691 485 2778 praefati
506 2689 627 2755 domini
649 2689 790 2756 doctoris
810 2691 939 2757 Brandt
964 2692 1212 2778 assignavenmt
1233 2692 1405 2776 quotannis
1425 2690 1507 2777 duos
1530 2690 1663 2757 florenos

245 2791 285 2856 de
313 2790 464 2857 censibus
491 2791 631 2877 quinque
657 2788 736 2873 flor,
766 2796 847 2877 quos
875 2790 974 2856 solvit
1001 2792 1254 2878 circumspectus
1273 2789 1434 2856 Iohannes
1454 2790 1662 2878 Koningkin

245 2893 382 2956 termino
409 2889 559 2956 Mihaelis
589 2889 629 2955 de
660 2899 787 2955 centum
815 2890 957 2973 florenis,
989 2888 1030 2954 de
1065 2890 1160 2956 domo
1190 2890 1343 2955 antedicti
1373 2889 1497 2955 domini
1525 2889 1661 2956 doctoris

245 2990 309 3056 sibi
329 2989 462 3055 vendita
483 2989 565 3055 solvi
590 2988 798 3072 restantibus,
828 2989 887 3055 sub
910 2987 1005 3054 titulo
1027 2989 1269 3078 redemptionis,
1295 3010 1461 3075 quousque
1481 2988 1576 3055 aliter
1594 3011 1661 3077 pro

205 3091 350 3154 savirum
376 3089 489 3171 fuerit,
520 3109 656 3173 quorum
677 3097 743 3152 tres
766 3087 884 3153 cedunt
905 3087 1061 3153 beneficio
1083 3097 1115 3153 et
1136 3087 1199 3153 duo
1224 3096 1336 3153 nostro
1363 3087 1510 3176 collegio,
1538 3088 1579 3154 de
1599 3090 1661 3177 qui·

244 3189 304 3253 bus
327 3187 452 3254 duobus
471 3187 602 3253 florenis
623 3187 740 3281 dantur
761 3187 899 3275 plebano
922 3189 1024 3252 sancti
1045 3186 1172 3252 Nicolai
1194 3186 1377 3275 quindecim
1399 3188 1518 3274 grossi,
1539 3197 1572 3254 et
1589 3189 1661 3253 resi·

150 3285 151 3288 '
244 3287 342 3352 duum
353 3290 437 3352 inter
449 3287 635 3372 collegiatus
650 3285 744 3351 huius
759 3286 897 3373 collegii,
910 3286 1016 3352 officio
1035 3286 1231 3351 defunctorie
1246 3287 1484 3370 interessentes,
1498 3286 1660 3353 dividitur.

245 3387 289 3451 Et
310 3389 358 3452 ita
376 3389 442 3452 iam
464 3385 551 3451 ultra
572 3385 683 3451 decem
704 3408 805 3451 annos
826 3385 1033 3451 observatum
1060 3393 1123 3468 est,
1152 3408 1218 3450 non
1241 3384 1389 3451 obstante
1410 3385 1661 3475 contradictione

245 3486 408 3552 licenciati
420 3485 563 3550 Mathiae
577 3485 813 3567 Frawendinst,
835 3486 966 3550 maioris
987 3484 1115 3571 collegii
1138 3484 1308 3572 collegiati,
1331 3489 1394 3573 qui,
1418 3496 1543 3552 attenta
1558 3495 1662 3551 nostra

208 3586 350 3672 tolonga
371 3586 586 3672 possessione,
608 3594 722 3650 contra
742 3607 801 3650 nos
822 3584 988 3672 bucusque
1007 3584 1087 3649 nihil
1110 3583 1254 3649 obtinere
1276 3585 1390 3672 potuit
1417 3584 1464 3650 Et
1483 3586 1661 3653 celebratur

245 3689 308 3751 ista
330 3686 485 3751 memoria
506 3683 640 3770 singulis
662 3685 755 3748 aunis
776 3685 810 3748 in
831 3684 885 3748 die
906 3685 1010 3749 sancti
1029 3683 1197 3748 Laurentii
1219 3705 1291 3748 cum
1312 3684 1430 3771 vigiliis
1460 3694 1493 3750 et
1521 3685 1660 3775 sequenti

246 3809 319 3851 cum
339 3786 447 3850 missis
471 3785 678 3848 animarum.¹
1275 3803 1276 3807 ¹

440 3882 571 3970 Scripta
590 3882 672 3948 haec
693 3878 765 3969 (No.
787 3889 805 3947 7
827 3906 855 3944 u.
877 3881 911 3967 8)
933 3892 1008 3947 sunt
1032 3888 1119 3964 1506,
1139 3883 1172 3946 in
1195 3881 1248 3946 die
1268 3881 1467 3949 Palmarum.

326 4053 354 4115 9.
378 4045 439 4134 [Bl.
461 4046 532 4135 28⁸]
555 4048 701 4113 Dehinc²
722 4071 806 4115 anuo
821 4026 995 4113 'millesimo
1017 4047 1333 4134 quadringentesimo
1352 4050 1566 4135 nonagesimo
1584 4071 1658 4115 nono

206 4150 332 4215 35feria
352 4149 455 4213 tercia
476 4147 711 4234 penthecostes,
733 4170 816 4234 quae
838 4149 900 4230 fuit
919 4147 1091 4213 undecima
1110 4149 1229 4213 mensis
1249 4145 1331 4212 Maii
1352 4154 1446 4225 (1499
1464 4154 1494 4213 d.
1513 4155 1561 4215 11.
1578 4152 1657 4227 Mad,

245 4249 327 4315 obiit
357 4250 527 4313 intestatus
558 4245 755 4333 proohdolor
784 4248 934 4335 egregius
961 4255 994 4310 et
1021 4246 1164 4311 eruditus
1191 4248 1252 4327 vir,
1283 4245 1433 4312 dominus
1460 4246 1657 4313 Martinus

246 4347 376 4434 Sporn
396 4344 799 4426 Franchfordensis,
827 4347 944 4410 artium
972 4355 1004 4410 et
1032 4367 1145 4410 sacrae
1168 4344 1350 4430 theologiae
1371 4345 1547 4431 professor,
1575 4356 1607 4411 et
1624 4343 1656 4410 ob

245 4444 279 4510 id
300 4445 387 4510 bona
408 4468 468 4509 sua
497 4445 539 4509 ad
569 4467 643 4509 suos
673 4456 809 4530 agnatos
831 4455 864 4509 et
884 4455 1038 4530 cognatos
1060 4445 1277 4532 proximiores
1298 4441 1564 4510 devolvebantur.
1603 4441 1655 4524 Qui

244 4543 373 4631 quidem
398 4545 511 4630 agnati
531 4552 563 4607 et
588 4545 718 4628 cognati
743 4564 894 4608 successu
915 4545 1069 4630 temporis
1097 4541 1140 4607 ad
1169 4543 1364 4608 instanciam
1392 4544 1653 4631 praescriptornm

204 4652 277 4707 tOet
298 4644 634 4729 saepenominatorum
655 4640 857 4707 dominorum
879 4642 1046 4708 doctorum
1067 4653 1099 4707 et
1121 4643 1360 4727 magistrorum,
1382 4640 1571 4707 Leonhardi
1583 4640 1651 4705 hlot-

245 4741 416 4828 senbergh,
440 4741 596 4807 ecclesiae
610 4741 905 4827 Nawenburgensis
918 4743 1073 4824 canonici,
1094 4762 1220 4805 necnon
1235 4740 1387 4805 Iohannis
1400 4740 1592 4826 Reynhardt
1603 4750 1648 4804 eto.

245 4850 277 4904 et
298 4840 499 4927 quorundam
527 4840 664 4905 aliorum
685 4843 915 4927 magistrorum
942 4840 982 4905 de
1011 4840 1147 4926 collegio
1172 4861 1233 4926 pro
1262 4841 1486 4905 anniversario
1513 4847 1670 4943 perpetpt

323 5110 332 5159 t
356 5105 409 5159 Am
427 5104 511 5159 obern
529 5104 627 5160 Raude
644 5120 700 5161 von
719 5105 835 5161 anderes
850 5107 946 5162 Hand:
968 5106 1102 5190 Iotpom‘a
1117 5106 1230 5160 Broudt
1245 5106 1593 5164 mmmuioereurisa

320 5194 336 5244 2
355 5189 419 5245 Von
435 5187 578 5244 derselben
594 5187 678 5245 Hand
696 5187 746 5244 vie
763 5196 777 5244 7
795 5207 822 5246 u.
842 5195 865 5247 8.
