3756 6158
272 463 333 530 318
771 465 820 514 Dic
839 463 1057 529 philosophische
1074 466 1203 517 Faculttt.

356 654 385 712 5.
415 645 496 708 Item
518 642 632 708 eodem
659 642 722 726 die,
749 642 832 726 loco,
860 655 895 710 ut
927 669 1035 733 supra,
1062 646 1249 712 conclusum
1270 656 1303 710 et
1323 653 1478 711 statutum
1506 645 1581 727 fuit,
1610 645 1691 733 quod

272 744 409 832 quilibet
429 741 632 807 baccalarius
660 744 694 807 in
716 742 841 807 artibus
869 755 996 809 tenetur
1023 747 1056 810 in
1084 745 1197 810 ordine
1227 767 1284 810 suo
1312 745 1365 810 die
1394 744 1556 810 dominico
1585 743 1691 830 dispu-

271 858 350 910 tare.
372 841 479 923 Quam
500 842 758 928 disputacionem
778 841 919 908 decanus
940 854 1066 909 tenetur
1088 844 1151 910 sibi
1172 843 1214 908 ad
1236 855 1308 910 octo
1331 844 1399 909 dies
1421 852 1497 909 ante
1516 864 1577 930 per
1595 844 1692 908 famu·

272 944 338 1016 lum
359 942 580 1007 universitatis
602 941 761 1023 intimare,
789 941 849 1006 sub
872 965 977 1029 poena
1004 943 1122 1008 decem·
1141 965 1337 1028 grossorum,
1364 964 1443 1029 quos
1469 941 1612 1007 decanus
1634 940 1693 1007 sub

227 1057 243 1110 t
271 1066 328 1108 suo
357 1043 537 1106 iuramento
566 1049 693 1104 tenetur
719 1042 867 1126 rigorose
897 1052 1090 1129 extorquere
1117 1041 1159 1107 ab
1187 1042 1308 1108 eodem.
1351 1040 1396 1106 Et
1419 1040 1496 1106 talis
1525 1040 1692 1128 disputans

270 1164 329 1230 pro
351 1164 424 1206 eum
446 1138 653 1204 visitantibus
673 1140 758 1204 ultra
785 1139 896 1204 decem
923 1163 1056 1226 grossos
1082 1164 1146 1206 non
1169 1152 1328 1227 exponat,
1360 1140 1419 1206 sub
1442 1162 1548 1228 poena
1570 1137 1693 1206 madiae

271 1261 465 1326 sexagenas,
493 1261 589 1323 quam
618 1237 759 1302 decanus
788 1237 848 1302 sub
870 1261 976 1326 poena
1003 1242 1115 1326 priori,
1144 1239 1265 1305 scilicet
1286 1241 1620 1324 iuramentitenetnr
1640 1261 1692 1304 ex·

267 1352 427 1427 torquere.
470 1337 514 1401 Et
545 1336 652 1401 nullus
683 1337 887 1415 baccalarius
918 1337 1014 1402 debet
1042 1338 1168 1403 admitti
1201 1338 1243 1403 ad
1271 1348 1468 1426 temptamen
1497 1360 1559 1425 pro
1589 1338 1693 1424 gradu

269 1438 457 1525 magisterii,
483 1439 547 1500 nisi
572 1438 605 1499 in
634 1437 837 1501 consciencia
864 1458 923 1501 sua
949 1436 1046 1519 dicat,
1074 1437 1161 1525 quod
1184 1460 1338 1524 praesens
1367 1438 1401 1503 in
1421 1437 1525 1502 XXX
1547 1437 1691 1524 disputa-

233 1536 419 1625 rosionibus
458 1535 632 1601 ordinariis
651 1534 922 1600 baccalariorum
960 1535 1136 1621 arguebat,
1173 1538 1200 1601 si
1237 1537 1343 1601 locum
1379 1536 1539 1624 arguendi
1573 1535 1694 1605 habere

292 1639 379 1704 otuit.
1215 1689 1217 1693 <

268 1663 289 1727 P
350 1743 380 1803 6.
402 1732 464 1823 [Bl.
477 1731 548 1822 55⁸]
570 1735 651 1799 Item
674 1733 786 1798 eodem
807 1733 869 1815 die,
891 1731 973 1815 loco,
998 1743 1166 1822 utsupra,
1188 1734 1373 1812 conclusum
1394 1743 1427 1800 et
1448 1742 1604 1801 statutum
1625 1735 1695 1819 fuit,

268 1834 354 1923 quod
374 1834 481 1899 nullus
504 1833 694 1898 admittatur
721 1830 764 1896 ad
792 1842 988 1918 temptamen
1010 1826 1304 1920 magistrandorum
1331 1833 1384 1900 vel
1414 1846 1560 1899 examen
1577 1831 1692 1921 bacca·

267 1934 499 2015 lariandorum,
520 1933 584 1996 nisi
605 1952 716 1995 coram
738 1930 860 1996 decano
882 1940 915 1995 et
935 1931 1211 2004 examinatoribus
1233 1933 1267 1996 in
1289 1947 1349 1999 sua
1370 1932 1576 1999 consciencia
1596 1933 1688 2015 dicat,

227 2047 258 2100 15
269 2034 354 2123 quod
377 2030 554 2121 quemlibet
572 2030 774 2113 magistrum,
797 2052 817 2093 a
838 2052 901 2117 quo
921 2030 1096 2096 laesionem
1118 2031 1384 2124 velgexercicium
1406 2031 1544 2117 audivit,
1565 2041 1686 2098 conten·

264 2145 332 2198 tum
356 2133 414 2198 sub
436 2131 579 2195 leccione
599 2127 652 2193 vel
675 2130 835 2192 exercicio
862 2129 967 2213 fecit31
988 2129 1069 2195 alias
1099 2130 1141 2195 ad
1169 2141 1366 2218 temptamen
1386 2130 1440 2196 vel
1467 2138 1607 2197 maman
1629 2152 1684 2197 non

266 2233 464 2313 admittatiu,
485 2229 549 2294 nisi
568 2227 667 2292 talem
689 2226 926 2293 leccioncmvel
949 2230 1148 2294 exercicium
1172 2228 1364 2295 secundario
1386 2229 1552 2296 audiverit
1573 2239 1606 2295 et
1624 2239 1682 2294 tan

266 2332 307 2396 de
336 2332 440 2418 primo
467 2351 565 2416 quam
595 2326 736 2392 secundo
764 2328 929 2412 magistris
959 2329 1162 2393 satisfecerit.
1205 2329 1250 2393 Et
1276 2328 1374 2394 talem
1399 2338 1534 2415 reputat
1554 2327 1683 2394 facultas

264 2431 431 2516 magistris
455 2428 660 2507 satisfecisse,
681 2425 737 2512 qui
759 2425 818 2490 sub
840 2425 979 2495 lectione
998 2427 1050 2492 vel
1072 2428 1232 2492 exercicio
1252 2429 1409 2513 magistro
1431 2429 1466 2492 in
1488 2429 1682 2494 consciencia¹

225 2539 329 2594 20sua
356 2528 450 2610 dixit,
479 2525 565 2613 quod
590 2522 690 2590 nichil
719 2522 839 2589 babeat
866 2524 929 2590 sibi
956 2525 1036 2591 dare
1061 2525 1114 2590 vel
1143 2525 1348 2592 commodose
1374 2525 1449 2613 plus
1476 2525 1568 2610 dare,
1596 2548 1682 2613 quan

266 2628 367 2693 voluit
396 2625 458 2691 sibi
481 2627 571 2707 dare,
598 2627 625 2689 si
652 2623 734 2688 alias
761 2647 823 2689 non
850 2626 954 2711 potuit
980 2648 1052 2689 eum
1079 2635 1273 2691 contentare.
1315 2623 1360 2710 Et
1387 2623 1429 2690 de
1455 2626 1551 2712 prius
1572 2625 1681 2692 auditis

269 2737 395 2793 tenetur
414 2727 571 2812 magistro
593 2732 668 2809 ante
688 2723 805 2786 festum
827 2725 930 2788 sancti
952 2723 1121 2790 Michaelis
1143 2720 1339 2809 satisfacere,
1362 2723 1423 2789 sub
1443 2723 1558 2790 eadem
1578 2747 1682 2813 poena

350 2831 376 2891 7.
400 2826 480 2890 Item
502 2821 615 2888 eodem
642 2821 695 2886 die
721 2821 908 2886 conclusum
931 2825 962 2888 et
991 2833 1146 2888 statutum
1175 2824 1245 2905 fuit,
1273 2822 1360 2911 quod
1385 2822 1534 2896 decanus
1562 2825 1596 2889 in
1618 2847 1681 2889 oon·

265 2922 493 3010 vocacionibus
514 2920 677 2987 facultatis
696 2943 762 2986 non
783 2923 934 3007 propinet
953 2922 993 2987 de
1014 2915 1159 3009 pecuniis
1180 2922 1343 2988 facultatis
1361 2923 1426 3012 nisi
1445 2920 1594 3010 tempore
1614 2945 1681 2989 suae

223 3025 438 3092 tosleccionis
464 3032 495 3086 et
517 3020 687 3085 eleccionis
710 3021 977 3103 examinatorum,
1003 3035 1034 3085 et
1056 3031 1133 3086 tunc
1155 3045 1219 3086 una
1236 3023 1309 3087 vice
1330 3021 1416 3087 ultra
1437 3031 1580 3107 quatuor
1600 3045 1680 3110 gros·

266 3147 320 3191 sos
342 3146 407 3189 non
429 3129 581 3207 exponat,
612 3117 673 3183 sub
695 3136 799 3205 poena
821 3121 969 3204 periurii3
1001 3133 1033 3187 et
1053 3144 1113 3210 pro
1135 3121 1299 3186 locacione
1319 3120 1427 3198 fienda
1448 3120 1573 3187 nullam
1595 3130 1681 3210 pecu·

266 3226 354 3289 niam
378 3223 488 3309 capiat
507 3218 559 3283 vel
580 3227 726 3282 reservet
734 3219 752 3299 ¹,
774 3215 835 3281 sub
858 3218 968 3284 eadem
991 3232 1121 3307 poena'
1348 3291 1354 3300 ,
1605 3302 1607 3307 .

346 3327 375 3390 8.
400 3322 483 3386 Item
504 3317 691 3383 conclusum
720 3317 781 3381 fuit
810 3327 842 3381 et
872 3327 1025 3384 statutum
1053 3319 1166 3386 eodem
1194 3320 1257 3402 die,
1284 3330 1321 3385 ut
1341 3342 1407 3387 non
1429 3319 1594 3408 eligantur
1614 3342 1680 3386 axa·

264 3425 440 3488 minatores
460 3415 756 3504 magistrandorum
778 3417 842 3481 nisi
864 3427 938 3504 post
959 3419 1209 3506 inscripcionem
1232 3418 1419 3486 eonmdem.

221 3533 255 3588 ³0
346 3527 375 3588 9.
402 3519 483 3584 Item
509 3515 621 3581 eodem
649 3514 702 3579 die
723 3514 908 3581 conclusum
934 3517 996 3582 fuit
1022 3530 1053 3583 et
1082 3529 1246 3601 statutum,
1274 3509 1361 3607 quod
1382 3542 1444 3584 nec
1466 3519 1611 3586 decanus
1630 3539 1680 3583 nec

263 3622 381 3709 aliquis
402 3618 659 3683 examinatorum
689 3638 709 3678 a
734 3613 984 3682 baccalariando
1013 3628 1158 3705 tempore
1184 3619 1345 3685 examinis
1371 3619 1483 3705 capiat
1510 3617 1564 3683 vel
1589 3619 1679 3683 facist

263 3723 338 3808 capi
364 3718 449 3784 ultra
475 3739 534 3780 sex
561 3736 704 3799 grossos,
732 3721 764 3777 et
785 3736 805 3778 a
827 3716 1050 3800 magistrando
1070 3716 1156 3782 ultra
1177 3717 1298 3800 decem,
1324 3717 1387 3784 'sub
1408 3739 1517 3804 poena
1542 3719 1678 3806 periurii,

264 3820 405 3906 demptis
424 3828 533 3881 tamen
554 3814 711 3900 pecuniis,
734 3835 814 3900 quas
836 3836 895 3901 pro
916 3813 996 3879 locis
1018 3825 1167 3881 tenentur
1188 3816 1274 3882 dare.

350 3925 395 3986 10.
418 3917 503 3981 Item·
520 3913 633 3978 eodem
655 3911 707 3976 die
730 3913 916 3977 conclusum
937 3915 997 3978 fuit
1019 3926 1050 3980 et
1077 3925 1239 3998 statutum,
1268 3926 1304 3980 ut
1322 3915 1430 3980 nullus
1453 3917 1676 4003 maffl‘strorum

220 4018 315 4083 35vel
345 4017 447 4082 eciam
470 4012 726 4079 baccalariorum
754 4011 896 4098 aliquam
925 4014 1100 4080 leccionem
1127 4013 1216 4100 legat
1243 4016 1277 4079 in
1307 4015 1402 4081 scolis
1432 4015 1601 4082 facultatis
1620 4016 1675 4081 nisi

261 4117 393 4183 indutus
407 4112 522 4180 habitu
540 4110 721 4196 magistrali
738 4110 789 4175 vel
810 4111 996 4195 baccalarii,
1019 4112 1079 4178 sub
1099 4135 1205 4200 poena
1220 4115 1315 4180 unius
1336 4114 1460 4200 floreni,
1482 4128 1580 4203 quem
1600 4126 1674 4182 tene

260 4228 313 4284 tur
335 4215 478 4283 decanus
500 4211 559 4279 sub
580 4212 760 4277 iuramento
782 4219 982 4299 extorquere.

775 4515 825 4577 27·
854 4530 934 4580 Vom
953 4531 1059 4581 Jahre
1079 4533 1165 4584 14³6.

346 4630 408 4721 [Bl.
428 4627 501 4717 5512]
529 4629 626 4695 Anno
655 4627 777 4693 domini
804 4627 973 4694 millesimo
996 4625 1261 4695 CCCCXXXVI
1288 4633 1322 4696 in
1349 4629 1510 4698 decanatu
1536 4629 1668 4720 megisti

219 4734 351 4799 toPetri
372 4732 412 4797 de
426 4724 591 4810 Budissin,
612 4728 700 4791 facta
721 4726 817 4813 plena
839 4729 1094 4813 congregacione
1115 4731 1344 4815 magistrorum
1366 4729 1408 4796 de
1428 4731 1564 4798 consilio
1583 4727 1666 4796 neri·

260 4835 346 4915 tatis,
369 4834 403 4897 in
425 4831 478 4895 die
499 4837 681 4893 sanctorum
701 4825 820 4891 Felicis
842 4835 873 4890 et
885 4825 1026 4892 Adaucti
1049 4830 1144 4910 (1436
1165 4836 1192 4892 d.
1215 4834 1264 4898 30.
1279 4828 1420 4919 August),
1443 4840 1565 4897 statuta
1583 4828 1665 4896 infra·

263 4934 385 5019 scripta
407 4927 618 5009 concorditer,
639 4925 725 4991 nullo
748 4925 997 5010 contradicente,
1020 4938 1094 4993 sunt
1114 4927 1276 4996 conclusa.
1321 4928 1351 4977 Ὗ

337 5119 349 5174 1
369 5109 555 5172 Gaachneben
573 5106 647 5167 steht
663 5117 791 5168 ramat.
