3756 6158
251 478 311 544 450
743 474 794 527 Die
811 476 1030 542 philosophische
1051 478 1179 530 acenteta

252 659 430 741 natoribus,
452 681 493 722 ne
514 656 755 751 magistrandos
775 659 809 722 in
830 659 892 724 hoc
913 659 1053 746 prandio
1074 661 1108 723 in
1129 656 1264 723 emendo
1277 659 1355 723 vina
1375 660 1527 745 preciosa
1546 659 1675 722 nimium

250 766 396 843 gravent,
418 781 515 844 super
536 780 598 842 quo
621 758 723 821 eciam
756 758 899 823 seniores
926 757 1100 841 facultatis,
1131 778 1240 843 ymmo
1268 764 1336 820 tota
1363 756 1513 840 facultas,
1542 757 1571 821 si
1599 779 1676 843 opus

251 858 357 938 fuerit,
380 859 474 920 iuxta
496 855 731 932 discreciouem
753 856 920 921 intendere
944 856 1070 923 debent.
1114 855 1260 943 Sequens
1288 865 1396 919 autem
1418 854 1595 942 prandium
1616 878 1676 919 non

250 969 408 1041 aequetur
430 954 607 1042 principali
628 957 661 1017 in
682 955 812 1021 ferculis
837 967 868 1021 et
888 958 1041 1043 potagiis,
1071 955 1128 1020 sed
1157 950 1350 1040 expediatur
1377 956 1448 1048 sine
1467 955 1598 1038 magnis
1625 975 1675 1017 ex·

207 1065 223 1118 5
251 1055 372 1140 pensis,
398 1056 445 1120 ita
473 1054 559 1140 quod
588 1064 664 1118 tunc
694 1052 812 1119 deutur
836 1067 974 1142 quatuor
1001 1053 1134 1137 fercula,
1163 1053 1338 1167 pulmento,
1367 1045 1464 1118 caseo
1492 1063 1525 1116 et
1551 1054 1675 1139 piatatis

250 1153 399 1252 demptis.
421 1153 509 1218 Vina
527 1162 636 1217 autem
660 1155 810 1239 preciosa
830 1177 903 1220 non
916 1155 1136 1219 ministrentur
1157 1152 1221 1215 nisi
1243 1151 1286 1216 ad
1306 1153 1517 1217 intincturam
1538 1161 1572 1216 et
1592 1173 1674 1216 assa·

249 1249 367 1335 turam,
390 1255 417 1317 si
439 1251 647 1338 praecedenti
668 1249 750 1316 die
742 1276 775 1317 ιιι
794 1252 924 1318 residuo
947 1259 1143 1333 manserunt,
1172 1249 1230 1314 sed
1251 1250 1317 1316 alia
1338 1252 1474 1338 potegia
1494 1249 1539 1314 ad
1558 1260 1674 1331 ιιιιιιιιιι,

248 1362 283 1415 ut
304 1353 480 1416 necessitas
503 1351 621 1436 exigit,
650 1372 747 1437 super
773 1373 836 1439 quo
862 1353 980 1416 iterum
1001 1351 1143 1415 decanus
1164 1358 1198 1413 et
1217 1351 1360 1415 seniores
1386 1348 1555 1415 facultatis
1576 1351 1673 1413 inten-

251 1449 328 1514 dere
351 1449 502 1516 habeant.
547 1449 682 1514 sivero
704 1451 852 1535 paucitas
873 1448 1170 1536 magistrandorum
1191 1447 1300 1536 aliquo
1320 1458 1468 1535 tempore
1495 1449 1598 1531 foret,
1625 1470 1674 1512 ex·

210 1560 329 1614 totunc
351 1549 496 1617 facultas*
512 1571 575 1613 uno
594 1547 732 1638 prandio
755 1548 851 1613 debet
871 1571 942 1613 esse
964 1557 1125 1631 contenta,
1153 1570 1193 1612 ne
1215 1548 1349 1611 nimium
1370 1549 1404 1634 in
1426 1549 1585 1633 expensis
1605 1556 1674 1611 tunc

249 1647 465 1734 magistrandi
482 1658 684 1733 graventur.
727 1647 855 1713 Placuit
883 1648 1001 1731 eciam,
1028 1646 1115 1732 quod
1142 1646 1278 1710 tercium
1307 1645 1499 1732 prandium,
1530 1645 1618 1732 quod
1642 1645 1675 1709 fit

248 1746 475 1834 principaliter
495 1768 555 1833 pro
575 1746 695 1812 solacio
716 1749 974 1817 examinatorum
995 1753 1027 1810 et
1045 1767 1203 1810 novorum
1223 1746 1258 1809 in
1278 1743 1403 1809 artibus
1421 1743 1673 1826 licenciatorum,

248 1846 437 1910 habeatur
428 1869 462 1910 ιιι
483 1845 619 1910 meridie
641 1855 673 1911 et
693 1846 898 1934 nequaquam
920 1866 1035 1909 versus
1056 1854 1194 1928 noctem,
1215 1866 1257 1908 ne
1277 1842 1475 1908 insolenciae
1496 1853 1530 1908 et
1553 1842 1672 1908 exorbi·
1713 1883 1716 1892 ,

248 1948 376 2010 tanciae
410 1945 467 2030 (cd
496 1967 577 2032 quas
602 1938 674 2010 noa
701 1955 779 2048 apta
807 1943 884 2026 est)
899 1945 983 2008 inter
1011 1943 1194 2009 licentiatos
1222 1942 1352 2031 aliaque
1380 1944 1571 2030 supposita,
1597 1944 1673 2007 sicut

211 2046 343 2132 ltprius
366 2046 488 2126 evenit,
509 2045 665 2108 oriantur.
718 2115 725 2139 Κ

335 2218 380 2278 16.
411 2226 507 2287 ouon
531 2225 695 2274 ramosa
724 2225 846 2273 lumen
866 2203 1144 2274 ιιιιιιιιιιοιιιιιι
1165 2225 1351 2275 munros
1371 2225 1597 2274 ιιοιιιιιιιιιιι

862 2323 1066 2372 couvrvruu.

333 2423 464 2522 Placet,
484 2440 571 2527 quod
597 2449 743 2526 tempore
763 2439 1127 2526 iudiciitemptatorum
1154 2461 1211 2505 seu
1233 2441 1513 2524 examinatorum,
1526 2450 1594 2506 tam
1614 2463 1668 2527 pro

249 2539 355 2625 gradu
382 2541 569 2626 ‘magisterii
601 2544 698 2625 qu'am
724 2537 980 2622 baccalariatus,
1012 2539 1154 2605 decanus
1184 2561 1258 2604 cum
1286 2540 1356 2603 suis
1388 2531 1668 2621 examinatoribus,

208 2638 399 2704 assimiliter
426 2637 728 2722 vicecancellarius,
758 2636 901 2702 habeant
931 2637 1132 2703 moderatum
1159 2640 1358 2720 convivium,
1390 2640 1476 2704 ιιιιιιι
1503 2640 1669 2703 ιιιιιιιιιιι

196 2811 199 2814 ,
249 2738 449 2825 temporibus
471 2747 503 2802 et
523 2736 684 2822 longaeva
704 2736 936 2801 cousuetudine
961 2748 1010 2801 est
1030 2737 1247 2819 observatum,
1277 2739 1323 2805 ita
1344 2748 1455 2802 tamen
1476 2737 1566 2823 quod
1585 2737 1668 2802 deca·

249 2860 311 2900 nus
331 2837 382 2901 vel
404 2834 691 2901 vicecancellarius
714 2834 793 2898 illud
814 2835 968 2921 expediat
989 2834 1197 2923 paucioribus
1219 2838 1382 2923 expensis,
1409 2836 1530 2924 quibus
1551 2838 1667 2924 poterit,

249 2957 289 2999 ne
320 2938 455 3000 nimium
485 2937 724 3000 examinatores
755 2955 815 3020 per
842 2933 1026 3000 huiusmodi
1055 2934 1185 3022 prandii
1217 2948 1364 3021 sumptus
1394 2937 1428 3000 in
1457 2934 1667 3000 defeleacioue

249 3033 408 3099 mercedis
429 3034 577 3100 laborum
598 3048 729 3099 suorum
751 3043 938 3119 graventur,
957 3036 1021 3099 nisi
1041 3036 1191 3122 paucitas
1212 3033 1510 3119 promovendorum
1525 3034 1665 3100 obstaret

206 3225 240 3281 25
328 3222 373 3282 17.
397 3235 442 3280 DE
465 3232 765 3281 commaneamus
787 3224 1109 3281 MAGISTRANDORUM
1128 3233 1182 3282 als
1202 3232 1398 3282 mansuum
1414 3234 1489 3291 ,Pau
1508 3235 1601 3283 vma-

676 3331 961 3409 canpannsaluu
983 3333 1047 3380 SUB
1068 3323 1234 3381 summu.

330 3447 547 3532 Magistrandi
585 3447 619 3509 in
659 3444 951 3511 commendatorem
991 3469 1101 3512 eorum
1139 3471 1204 3514 non
1243 3447 1363 3513 debent
1399 3446 1543 3535 aliquem
1579 3446 1665 3511 aliun

251 3544 334 3633 [11⁸]
367 3570 463 3633 quam
494 3555 651 3610 rectorem
678 3546 902 3611 universitatis
934 3545 1067 3631 eligere,
1102 3549 1129 3611 si
1158 3549 1254 3612 fuerit
1282 3546 1322 3612 de
1348 3545 1487 3612 consilio
1516 3547 1665 3612 facultatis

252 3649 390 3727 arcium,
420 3648 448 3709 si
470 3667 547 3709 vero
569 3665 633 3707 non
655 3644 753 3706 fuerit
773 3642 813 3707 de
838 3643 951 3708 eodem
977 3645 1123 3728 consilio,
1150 3655 1226 3711 tunc
1247 3646 1370 3731 eligant
1396 3644 1555 3711 decanum
1579 3643 1664 3710 fecul-

208 3747 327 3811 30tatis
351 3744 504 3808 eiusdem.
548 3741 595 3806 Et
613 3743 702 3806 facta
724 3742 1008 3807 commendacione
1031 3744 1082 3809 vel
1110 3744 1206 3833 paulo
1235 3757 1319 3827 ante,
1346 3745 1521 3831 propinem
1546 3765 1664 3810 consue
1695 3760 1697 3764 ⁴

249 3859 327 3926 tam,
356 3853 390 3907 ut
412 3866 509 3907 uuam
532 3863 648 3906 novam
679 3863 886 3926 sexagenam,
917 3842 1057 3907 mediam
1088 3864 1220 3931 scopam
1241 3861 1358 3908 novam
1389 3865 1464 3908 eum
1486 3846 1562 3910 vino
1589 3841 1662 3907 duld

249 3956 280 4008 et
303 3943 374 4008 aliis
397 3941 586 4030 poculentis,
608 3944 700 4005 iuxta
723 3940 991 4005 consuetudinem
1014 3965 1071 4008 suo
1093 3943 1345 4009 commendatori
1367 3942 1516 4008 hilariter
1538 3943 1661 4008 offerant

249 4052 279 4106 et
301 4040 513 4130 ριιιιιοιιιιιιιι.1

301 4216 347 4276 18.
370 4222 606 4271 MAGISTRANDI
625 4222 698 4271 NON
719 4212 859 4269 DEBENT
882 4222 921 4270 SE
942 4223 1143 4272 ABSENTARE
1166 4224 1328 4272 TEMPORE
1351 4224 1625 4275 monacharum

203 4317 237 4374 35
710 4323 732 4368 Α
754 4321 1053 4370 ΟΟΜΜΕΝΒΑΟΙΟΝΕ
1074 4323 1205 4372 EORUM.

331 4381 549 4523 Magistrandi
579 4445 654 4523 post
680 4436 850 4501 licenciam
878 4437 925 4501 eis
947 4436 1093 4502 datam
1084 4464 1117 4504 ιιι
1140 4439 1263 4504 artibus
1290 4461 1349 4526 per
1374 4438 1663 4506 vicecancellariun

247 4563 310 4605 non
341 4539 459 4603 debent
487 4561 521 4602 se
551 4546 599 4602 tot
586 4536 658 4601 talit
645 4546 694 4601 ter
723 4535 896 4600 absentare
925 4559 945 4601 a
962 4539 1259 4604 commendacione
1288 4561 1411 4622 eorum,
1440 4541 1505 4604 nisi
1531 4540 1663 4603 raciona-

247 4639 344 4703 bilem
367 4637 541 4702 habuerint
561 4657 705 4717 causam,
728 4656 823 4720 quam
846 4634 994 4700 facultati
1017 4646 1161 4725 tempore
1181 4638 1311 4725 petendi
1333 4634 1661 4724 favorem-incipiendi

247 4748 438 4825 proponant
484 4736 527 4799 Et
558 4736 654 4799 hoc
646 4755 753 4821 ipsum
780 4733 1070 4801 vicecancellarius
1098 4737 1149 4801 vel
1178 4737 1319 4802 decanus
1348 4747 1497 4824 tempore
1522 4735 1661 4802 ιιιιιιιιιι

205 4847 239 4900 to
249 4839 350 4900 cionis
372 4835 552 4900 officiorum
575 4856 685 4899 eorum
707 4832 858 4912 intimare
878 4832 974 4912 debet
990 4845 1022 4898 et
1034 4845 1171 4918 tenetur,
1191 4859 1231 4901 ne
1246 4860 1304 4923 per
1317 4838 1542 4922 ignoranciam
1556 4856 1659 4912 eornm,

247 4937 328 4999 sicut
349 4957 447 5020 saepe
467 4933 598 5014 accidit,
620 4933 817 4996 contrarium
840 4933 948 4997 facere
969 4944 1166 5022 attemptent

324 5137 336 5186 1
356 5133 410 5186 Am
429 5132 538 5186 Raude:
565 5131 645 5186 Illud
656 5149 710 5200 per
723 5133 880 5202 priampon
896 5133 1072 5189 moderatum
