3756 6158
252 452 293 514 90
732 456 782 505 Die
799 454 917 505 Smtuteo
935 470 996 506 vom
1014 457 1097 507 thre
1119 462 1189 519 15⁴³,

250 632 368 699 librum
389 634 602 719 perscriptum
623 635 734 716 fuerit,
763 645 918 723 tanquam
940 662 1038 704 unum
1064 637 1106 703 de
1133 641 1254 705 nostris
1280 643 1435 724 retineat3
1464 643 1521 728 qui
1549 642 1672 724 fecerit,

252 733 403 799 mulctam
426 733 542 800 solvito
564 734 752 802 florinorum
773 737 878 803 trium

511 912 537 973 ’Β
822 955 998 1006 statutum
1017 956 1089 1009 XXI,

505 1122 665 1171 naman
685 1122 761 1170 SINE
783 1121 1036 1171 PRAEGEPTORE
1057 1122 1186 1189 vlyltnlc
1207 1122 1403 1173 OPORTEBE.

222 1244 238 1301 5
331 1237 420 1303 Nihil
440 1240 474 1302 in
494 1259 613 1324 genere
633 1260 737 1325 neque
759 1239 802 1303 ad
819 1239 906 1303 vitae
918 1259 1108 1324 morumque
1122 1238 1324 1304 honestatem
1334 1241 1493 1328 nequead
1505 1240 1673 1311 doctrinae

249 1336 436 1402 eruditionis
448 1337 612 1402 literariae
627 1339 825 1403 incrementa
836 1336 947 1421 utilius
961 1337 1101 1424 proponi
1113 1346 1220 1425 potest
1233 1360 1330 1424 quam
1342 1340 1378 1405 id
1392 1342 1481 1430 quod
1496 1365 1627 1432 semper
1638 1344 1673 1411 in

249 1437 312 1502 hac
331 1439 542 1503 universitate
564 1439 770 1503 severissime
792 1445 957 1503 servatum
981 1445 1049 1517 est,
1076 1446 1227 1524 oportere
1247 1462 1517 1529 unumquemque,
1540 1445 1597 1533 qui
1618 1466 1674 1509 no·

248 1539 324 1603 stris
344 1537 525 1625 privilegiis
545 1538 688 1622 gaudere
710 1547 742 1602 et
762 1536 941 1602 studiorum
964 1536 1141 1602 commodis
1161 1539 1208 1603 uti
1228 1538 1321 1623 velit,
1344 1551 1594 1628 praeceptorem
1614 1542 1672 1608 hs·

249 1637 336 1720 bere,
359 1639 449 1703 euius
469 1639 596 1704 monitis
620 1646 652 1702 et
673 1639 708 1701 in
729 1636 860 1701 virtutis
881 1637 937 1700 via
957 1637 1134 1703 retineatur
1154 1646 1187 1702 et
1198 1637 1352 1705 discendo
1364 1640 1551 1727 profectum
1561 1642 1671 1708 facere

210 1747 241 1802 10
249 1739 361 1824 possit.
400 1738 475 1803 Hoc
495 1739 523 1802 si
544 1747 611 1803 tam
633 1739 744 1801 stricte
771 1735 936 1801 veteribus
966 1736 1161 1802 servandum
1189 1739 1294 1803 visum
1321 1748 1386 1823 est,
1416 1750 1538 1828 quanto
1566 1746 1674 1830 magis

248 1838 282 1900 in
303 1836 364 1901 hec
385 1836 506 1902 saeculi
526 1835 659 1901 levitate
681 1845 712 1900 et
732 1835 865 1899 lieentia
884 1837 982 1918 vitae,
1010 1837 1046 1900 in
1074 1834 1137 1901 hac
1167 1836 1294 1905 desidia
1319 1848 1352 1904 et
1380 1838 1595 1907 somnolentia
1627 1841 1674 1907 di-

252 1936 449 2023 scipulorum
471 1940 504 2002 in
534 1935 589 2001 illo
613 1935 862 2001 elaborandum!
905 1934 996 1999 Scire
1025 1935 1124 2020 igitur
1146 1958 1257 2003 omnes
1278 1937 1411 2024 debent,
1436 1963 1501 2006 non
1530 1942 1674 2007 futurum

251 2035 397 2121 posthae,
416 2047 453 2102 ut
474 2037 644 2124 quisquam
665 2037 734 2100 sine
749 2043 960 2122 praeceptore
971 2037 1086 2121 vagari
1097 2036 1149 2101 vel
1164 2037 1318 2103 oberrare
1330 2040 1545 2127 permittatur.
1577 2040 1674 2122 Quod

251 2136 358 2221 ipsum
388 2145 424 2200 ut
451 2135 687 2222 explicavimus
716 2134 854 2216 diserte,
890 2155 1024 2220 operam
1051 2134 1215 2219 dedimus,
1247 2160 1310 2226 quo
1338 2139 1462 2204 maiore
1492 2162 1568 2206 cum
1594 2162 1673 2206 cura

210 2236 435 2301 ltnecessaria
454 2235 536 2301 haee
553 2258 608 2300 res
631 2234 908 2300 administretur.¹
947 2233 1094 2299 Primum
1116 2237 1215 2322 igitur
1236 2259 1291 2302 eos
1318 2247 1549 2325 praeceptores
1564 2240 1672 2327 accipi

247 2333 411 2418 volumus,
447 2336 502 2422 qui
522 2334 681 2401 honorum
707 2331 829 2421 gradus
857 2354 997 2398 summos
1024 2333 1254 2412 ascenderunt,
1282 2345 1320 2401 ut
1338 2338 1488 2424 magistri
1509 2336 1674 2405 doctores·

247 2456 314 2518 que⁴
334 2433 492 2500 dieanhn.
523 2435 561 2501 In
580 2434 696 2500 horum
717 2432 853 2498 alicuius
875 2431 994 2517 singuli
1015 2443 1156 2499 nostrae·
1168 2435 1391 2502 universitatis
1413 2432 1529 2503 ditioni
1550 2436 1674 2503 subditi

248 2556 359 2599 curam
382 2545 414 2601 et
439 2534 645 2623 disciplinam
667 2557 702 2599 se
720 2530 850 2598 tradere
873 2530 1046 2616 debebunt,
1067 2532 1143 2599 huic
1170 2533 1218 2599 illi
1241 2535 1406 2620 obedient,
1437 2535 1524 2602 hunc
1544 2558 1672 2603 revere

246 2632 381 2718 buntur,
410 2644 445 2700 ut
470 2636 557 2700 vitae
582 2644 615 2699 et
644 2634 822 2700 studiorum
852 2654 983 2697 suorum
1011 2632 1126 2698 ducem
1153 2644 1185 2699 et
1216 2635 1309 2722 quasi
1336 2634 1474 2702 alterum
1502 2644 1672 2724 parentem

205 2732 354 2797 weolent
375 2743 407 2798 et
427 2734 599 2817 amabunt3
628 2755 761 2822 cumque
785 2754 821 2796 se
842 2732 906 2813 ita,
932 2742 968 2796 ut
989 2732 1149 2815 diximus,
1177 2732 1221 2798 ad
1241 2743 1502 2822 praeceptorem,
1530 2737 1590 2825 qui
1610 2734 1676 2803 huc

248 2832 397 2898 studendi
416 2835 525 2919 gratia
544 2834 693 2915 veniunt,
724 2831 933 2913 contulerint,
962 2830 1127 2897 debebunt
1155 2843 1384 2921 praeceptores
1410 2832 1458 2898 illi
1490 2833 1671 2921 discipulos

249 2931 291 2996 ad
319 2944 477 2999 rectorem
504 2931 667 2999 adducere
694 2942 740 3015 ct,
773 2931 848 2997 dum
869 2932 1000 2998 nomina
1020 2931 1148 2999 illorum
1175 2934 1390 3020 recipiantur,
1418 2930 1550 3018 adesse,
1576 2943 1674 3022 atque

247 3031 335 3119 apud
358 3033 417 3099 hos
439 3032 591 3120 discipuli
616 3031 792 3098 manebunt
811 3053 917 3119 neque
935 3033 1057 3097 invitos
1079 3042 1199 3097 temere
1220 3032 1400 3099 mutabunt.
1421 3031 1535 3113 Quod
1557 3020 1672 3122 siquis

246 3134 280 3197 in
310 3132 423 3198 studiis
447 3134 513 3197 suis
534 3131 757 3221 praeceptoris
779 3129 842 3195 sibi
866 3130 1040 3217 peculiaris
1062 3154 1163 3218 opera
1185 3154 1266 3220 opus
1288 3153 1447 3197 essenon
1469 3133 1673 3200 existimabit

205 3230 298 3318 25(ut
318 3254 416 3320 saepe
437 3231 578 3318 grandes
597 3230 728 3297 aliunde
749 3229 811 3294 huc
831 3227 996 3316 veniunt),
1019 3231 1047 3295 is
1075 3241 1184 3296 tamen
1212 3232 1350 3315 rectori,
1376 3253 1452 3298 cum
1471 3232 1562 3320 apud
1582 3232 1673 3301 illum

244 3355 360 3398 nomen
383 3356 476 3399 suum
498 3331 717 3419 profitebitur,
740 3340 772 3394 et
800 3328 887 3417 quod
908 3352 1010 3414 genus
1039 3331 1218 3397 studiorum
1239 3341 1272 3397 et
1295 3354 1376 3421 quos
1398 3332 1603 3419 professores
1622 3357 1671 3401 se

246 3434 302 3518 qui
323 3432 419 3515 velit,
440 3432 585 3498 indicare
613 3430 745 3496 debebit
772 3440 869 3517 atque
897 3431 996 3494 etiam
1017 3429 1079 3495 hoc
1094 3431 1267 3517 perficere,
1295 3440 1331 3496 ut
1356 3429 1454 3497 alicui
1481 3432 1673 3519 professori,

247 3555 341 3620 quem
362 3533 564 3619 potissimum
584 3528 780 3597 audiendum
804 3530 977 3616 putaverit,
998 3539 1092 3595 notus
1116 3531 1167 3594 sit.
1206 3530 1304 3611 Quod
1325 3532 1354 3596 si
1372 3533 1443 3617 quis
1463 3531 1529 3598 huc
1547 3533 1674 3599 venerit

245 3656 310 3697 non
333 3631 573 3697 commendatus
595 3629 693 3695 alicui
714 3638 746 3692 et
757 3629 917 3693 neminem
937 3628 1019 3693 forte
1040 3629 1175 3713 hahens,
1197 3631 1289 3696 cuius
1310 3628 1374 3696 hac
1394 3631 1429 3695 in
1443 3639 1539 3717 parte
1549 3630 1674 3699 auxilio

205 3732 471 3812 30adiuvaretur,
500 3732 570 3795 sive
596 3729 723 3795 tenuior
742 3728 839 3793 luerit
859 3747 957 3812 quam
978 3738 1013 3792 ut
1035 3730 1242 3816 praeceptori
1269 3729 1452 3796 mercedem
1479 3733 1586 3817 possit
1614 3731 1674 3801 sol·

246 3855 331 3914 vere,
355 3834 385 3896 ei
404 3840 509 3896 rector
531 3828 665 3894 consilio
684 3838 716 3892 et
737 3850 800 3913 ope
814 3849 883 3909 sua,
905 3837 1058 3914 quantum
1078 3832 1206 3914 poterit,
1228 3828 1407 3912 subveniet,
1428 3840 1465 3896 ut
1481 3832 1583 3897 etiam
1594 3852 1673 3920 pau·

243 3953 357 4019 perum
384 3928 532 3996 discendi
553 3927 745 4013 cupidorum
775 3927 859 3991 ratio
879 3925 1046 3991 habeatur.
1087 3928 1156 4014 ipsi
1179 3937 1286 3993 autem
1311 3939 1556 4016 praeceptores,
1579 3952 1673 4020 quos

244 4053 370 4116 cunque
390 4027 567 4115 discipulos
589 4028 788 4114 receperint,
815 4047 869 4091 cos
891 4034 1027 4112 paterno
1050 4027 1168 4092 ellectu
1190 4026 1445 4114 complectente
1467 4038 1597 4095 etcum
1616 4051 1673 4096 ex·

245 4127 349 4216 emplo
378 4139 445 4193 tum
471 4128 602 4215 optimis
632 4126 816 4214 praeceptis
835 4124 878 4190 ad
899 4127 1052 4190 virtutem
1073 4138 1106 4192 et
1127 4125 1311 4192 doctrinam
1331 4149 1392 4214 pro
1415 4129 1672 4217 uniuscuiusque

202 4239 235 4294 35
244 4238 342 4315 captu
369 4229 528 4293 instruent
549 4237 645 4314 atque
673 4226 809 4291 educent
837 4225 914 4289 sine·
934 4224 1112 4290 acerbitate
1142 4235 1175 4291 et
1201 4226 1370 4292 iracundia
1402 4250 1476 4293 cum
1502 4227 1673 4315 diligentia

245 4336 277 4392 et
297 4329 482 4395 attentione.
523 4328 595 4392 Non
626 4329 712 4391 enim
741 4325 784 4391 ad
812 4323 1054 4390 dissolutionem
1080 4336 1137 4390 aut
1166 4327 1408 4413 improbitatem
1438 4326 1672 4414 discipulorum

246 4428 418 4493 connivere
432 4427 504 4492 illos
519 4437 574 4492 aut
586 4425 689 4492 malos
703 4427 800 4490 etiam
822 4427 968 4489 socer-02
990 4423 1161 4512 oportebit,
1182 4425 1240 4490 sed
1259 4426 1310 4492 his
1326 4436 1414 4492 recte
1427 4426 1633 4493 monentibus
1644 4426 1671 4490 si

245 4526 395 4617 discipudi
431 4547 547 4613 parere
581 4527 874 4610 castigationesquc
907 4525 1041 4589 meritas
1076 4526 1221 4611 ipsorum
1252 4526 1377 4613 perpeti
1402 4524 1592 4631 noluerunt,
1618 4549 1670 4593 no·

245 4625 333 4691 mina
353 4625 401 4691 illi
422 4627 704 4711 immorigerorum
724 4622 767 4688 ad
787 4635 945 4688 rectorem
967 4622 1123 4704 deferant,
1146 4625 1237 4689 cuius
1258 4627 1431 4691 autoritate
1450 4636 1669 4691 coerceantur.

205 4726 354 4814 tOAtque
376 4727 504 4792 omnino
527 4736 643 4808 rector,
665 4746 855 4812 quacunque
876 4725 1001 4788 ratione
1023 4725 1158 4811 poterit,
1181 4726 1215 4789 in
1236 4723 1298 4792 hoc
1315 4725 1497 4808 incumbet,
1518 4735 1555 4790 ut
1575 4727 1669 4791 resci-

316 5031 326 5080 l
349 5026 440 5097 Vogel
460 5026 581 5081 schreibt
598 5027 836 5081 administrantur.

316 5115 331 5164 2
349 5110 387 5165 So
404 5109 478 5166 steht
495 5110 682 5182 geschrieben
