3756 6158
238 461 276 524 16
691 462 743 514 Die
760 463 940 515 Reformation
959 478 1020 515 rom
1037 462 1119 514 dabre
1139 468 1210 515 1496.

234 643 268 706 in
289 651 442 727 quatuor,
473 643 614 709 secundo
644 646 677 709 in
704 654 793 727 octo,
820 645 921 710 tercio
948 647 982 709 in
1011 645 1151 710 sedecim
1181 645 1214 710 fl.
1243 646 1405 731 puniatur.
1446 645 1490 710 Et
1516 643 1655 711 dicimus

234 739 325 806 illum
339 739 588 825 inobedientem,
610 746 664 830 qui
681 745 864 830 praeceptis
881 746 1086 810 conventoris
1098 743 1215 809 bursae
1239 767 1326 828 suae,
1340 747 1490 828 nationis,
1511 743 1652 832 collegii,

234 840 397 906 facultatis
418 850 475 906 aut
495 844 630 907 rectoris
653 842 826 908 secundum
848 843 1084 909 conclusionem
1097 843 1224 910 consilii
1242 846 1467 911 universitatis
1483 845 1536 911 vel
1550 846 1656 910 tocius

235 942 455 1006 universitatis
476 965 542 1007 non
563 941 722 1008 obedierit
742 943 777 1006 in
799 942 948 1008 futurum.

210 1051 227 1104 5
320 1039 441 1106 Omnia
461 1051 493 1105 et
520 1041 648 1127 singula
668 1041 855 1107 ordinamus
886 1052 919 1106 et
937 1041 1129 1107 mandamus
1152 1042 1398 1128 perductores,
1427 1045 1602 1130 magistros
1625 1051 1658 1106 et

110 1215 115 1234 ι
235 1141 405 1228 supposita
424 1141 645 1205 universitatis
666 1142 834 1228 praefatae
855 1141 1086 1207 inviolabiliter
1105 1141 1224 1207 debere
1245 1143 1425 1226 observari,
1444 1165 1509 1208 non
1525 1141 1655 1208 obstan·

235 1238 322 1304 tibus
344 1240 633 1323 constitutionibus,
658 1240 932 1324 ordinationibus,
954 1242 1081 1306 statutis
1103 1252 1134 1305 et
1156 1239 1441 1309 consuetudinibus
1464 1243 1655 1307 universita-

235 1341 295 1422 tis,
327 1338 533 1421 facultatum,
555 1338 766 1425 collegiorum
772 1341 971 1423 ,mationum
993 1364 1050 1406 seu
1069 1340 1250 1424 bursarum,
1273 1342 1453 1427 ceterisque
1467 1342 1656 1427 praemissis

235 1441 269 1503 in
291 1439 487 1505 contrarium
508 1437 718 1503 facientibus:
741 1437 984 1526 quibuscunque
1005 1463 1082 1506 vero
1100 1440 1173 1506 aliis
1196 1442 1322 1506 statutis
1343 1451 1376 1506 et
1396 1439 1657 1507 ordinationibus

196 1547 228 1603 10
237 1539 364 1621 vestris,
386 1539 573 1624 praemissis
594 1542 661 1605 tion
681 1537 899 1622 obviantibus,
920 1541 955 1604 in
974 1563 1032 1606 suo
1053 1540 1171 1607 robore
1193 1540 1367 1606 duraturis.

316 1669 495 1735 Hortamur
514 1671 625 1755 igitur,
645 1672 741 1735 immo
764 1672 994 1759 praecipiendo
1009 1673 1154 1740 districte
1174 1673 1376 1755 mandamus,
1398 1685 1554 1759 quatenus
1575 1675 1657 1740 haec

236 1779 366 1835 nostrae
387 1770 632 1835 reformacionis
659 1779 778 1835 statuta
798 1770 947 1836 benivole
973 1775 1141 1861 recipiatis
1170 1797 1208 1839 ac
1229 1776 1264 1838 in
1284 1771 1369 1837 libro
1390 1780 1581 1836 statutorum
1603 1789 1656 1832 ve·

237 1879 376 1935 strorum
398 1869 532 1934 inscribi
553 1870 682 1934 faciatis
700 1872 719 1951 ¹,
750 1869 871 1934 eisdem
893 1869 935 1935 de
957 1883 1063 1938 cetero
1091 1876 1195 1957 usuri,
1228 1872 1287 1937 sub
1314 1873 1443 1960 poenis,
1472 1869 1655 1957 privatione

238 1967 361 2033 sellarii
381 1970 529 2054 primum,
542 1968 681 2050 demum,
701 1970 728 2032 si
743 1970 907 2034 temeritas
917 1972 1229 2057 transgrediencium
1243 1971 1307 2036 hoc
1318 1972 1466 2057 exigerit,
1479 1968 1539 2034 sub
1550 1989 1657 2055 poena

197 2077 229 2132 15
238 2065 434 2133 exclusionis
456 2067 498 2133 ab
517 2069 729 2132 universitate
747 2067 903 2154 praefata

321 2167 457 2231 Actum²
468 2167 577 2232 datum
595 2166 727 2253 Lipczk,
750 2178 782 2231 et
802 2167 907 2254 sigillo
925 2179 1057 2235 nostrae
1069 2171 1082 2212 ³
1096 2172 1274 2236 maiestatis
1286 2179 1318 2234 et
1329 2168 1530 2233 auctoritatis
1551 2166 1655 2254 ponti·

238 2266 341 2331 ficalis
375 2287 520 2353 appenso
553 2265 757 2349 roboratum,
792 2288 876 2333 anno
910 2267 1032 2334 domini
1060 2268 1322 2350 u⁰cccc⁰xnvr⁰,
1359 2267 1412 2332 die
1442 2281 1506 2331 xn·
1537 2266 1659 2330 mensis

239 2365 393 2431 Ianuarii.

295 2717 318 2767 5.
353 2716 421 2767 DES
439 2718 613 2770 BISGHOFS
632 2718 717 2769 TILO
736 2719 995 2773 REFORMATION
1014 2723 1056 2773 IM
1073 2718 1268 2772 Auruncus
1287 2717 1359 2770 UND
1378 2718 1444 2768 Ml'l'
1462 2715 1607 2768 ZUSTIM-

198 2789 234 2846 20
444 2801 545 2853 MUNG
564 2802 635 2853 DER
650 2802 817 2854 Hsuzocn
834 2806 1027 2857 stanneus
1044 2805 1117 2858 UNI)
1138 2803 1259 2856 GEORG
1275 2802 1458 2856 ERLASSEN

777 2902 819 2938 am
841 2893 879 2940 18.
900 2887 1128 2941 011111111496.4

326 3017 364 3083 ln
386 3019 513 3084 nomine
534 3018 656 3084 domini
668 3017 783 3084 Amen.
826 3020 934 3106 Tilo,
956 3021 1009 3086 dei
1024 3031 1056 3087 et
1077 3021 1275 3107 apostolicae
1298 3018 1384 3085 sedis
1403 3018 1517 3103 gracia
1536 3017 1658 3103 episco-

224 3141 303 3207 ‚pus
324 3117 616 3206 Merssburgensis,
644 3119 758 3184 unicus
787 3117 892 3186 almae
919 3122 1139 3187 universitatis
1166 3119 1264 3185 studii
1284 3118 1474 3206 Lipcsensis
1503 3114 1659 3180 cancella·

242 3219 310 3284 rius
332 3217 537 3304 eiusdemque
567 3218 763 3306 apostolicus
790 3230 1013 3304 conservator,
1042 3219 1282 3286 venerabilibus
1310 3220 1389 3283 viris
1412 3214 1657 3303 spectabilibus·

201 3325 307 3406 25que
330 3317 479 3401 dominis,
501 3319 630 3401 rectori,
652 3321 828 3406 magistris,
851 3320 1040 3385 doctoribus
1055 3332 1087 3386 et
1107 3319 1319 3402 studentibus,
1339 3320 1375 3383 in
1395 3316 1484 3382 dicta
1504 3315 1663 3380 universi·

242 3428 311 3484 tate
330 3418 504 3506 Lipczensi
525 3417 814 3502 commorantibus,
846 3418 981 3484 salutem
1011 3430 1042 3484 et
1064 3419 1271 3484 clemenciam
1293 3419 1477 3484 salutarem.
1519 3414 1663 3480 Maiores

242 3517 360 3599 nostri,
388 3517 443 3602 qui
462 3516 514 3581 vel
535 3515 619 3581 bello
642 3520 764 3582 strenui
784 3518 836 3584 vel
858 3519 1046 3607 asperrimis
1067 3519 1164 3584 rebus
1186 3519 1299 3583 invicti
1321 3527 1377 3582 aut
1397 3516 1577 3581 litterarum
1599 3523 1663 3579 stu-

243 3617 297 3682 dio
319 3614 479 3702 praeclari
499 3625 556 3679 aut
576 3615 638 3682 alio
661 3640 818 3682 summum
838 3618 970 3683 honoris
991 3616 1117 3682 culmen
1135 3620 1274 3683 assecuti
1290 3626 1373 3699 sunt,
1394 3615 1457 3680 hoc
1477 3637 1576 3679 unum
1597 3634 1663 3678 om·

243 3718 332 3781 nium
353 3737 510 3781 consensu
534 3717 672 3802 posteris
693 3717 1010 3783 commemorandum
1030 3717 1244 3803 reliquerunt,
1266 3727 1301 3782 ut
1322 3725 1477 3802 quantum
1498 3713 1598 3778 animi
1616 3712 1664 3775 vi-

204 3825 308 3904 ³0gor
330 3815 476 3901 corporis
497 3813 573 3880 moli
597 3826 752 3901 praestat,
775 3827 864 3884 tanto
885 3819 1029 3882 vicissim
1048 3816 1198 3903 agilitati,
1221 3813 1437 3902 magnitudini
1454 3812 1664 3899 corporisque

248 3916 413 3982 venustati
434 3915 613 4001 ceterisque
635 3918 776 3981 externis
797 3918 944 3983 fortunae
966 3917 1059 3983 bonis
1080 3919 1184 3982 virtus
1206 3915 1440 4000 industriaque.
1482 3911 1665 3976 Hincvete·

245 4040 298 4083 res
318 4015 484 4099 nostrique
505 4013 791 4101 praedecessores,
819 4016 1014 4102 posthabitis
1044 4018 1186 4089 omnium
1208 4016 1421 4081 humanarum
1449 4034 1557 4077 rerum
1579 4032 1664 4075 com·

245 4117 390 4199 merciis,
419 4114 578 4180 bonarum
599 4116 715 4180 artium
747 4117 914 4202 omnisque
934 4116 1095 4182 scibilium
1119 4117 1248 4203 generis
1270 4113 1533 4201 philosophicam
1554 4111 1664 4198 cogni-

246 4217 376 4299 tionem,
399 4238 464 4302 qua
484 4212 596 4297 solum,
615 4214 693 4299 quid
715 4238 874 4304 asperum,
896 4215 974 4301 quid
989 4227 1253 4298 consentaneum,
1274 4213 1353 4300 quid
1375 4212 1545 4278 comodum
1567 4210 1664 4276 detri-

205 4324 419 4402 35mentoque
440 4311 638 4401 reipublicae
663 4338 838 4401 verumque
872 4326 904 4381 et
929 4339 1115 4402 repugnans
1142 4317 1336 4380 sacerrimac
1366 4313 1563 4378 christianae
1592 4309 1665 4375 reli·

246 4416 336 4501 gioni
357 4416 484 4496 existat,
506 4414 744 4497 intemoscitur,
766 4415 1002 4502 praetulerrmt:
1025 4417 1197 4503 gymnasia
1209 4414 1481 4498 achademiasque
1495 4411 1663 4476 instituen-

248 4512 307 4579 das
326 4524 457 4599 totoque
477 4512 556 4578 orbe
576 4513 786 4600 philosophos
808 4515 1089 4582 commercand0s⁵
1109 4538 1298 4601 omnemque
1319 4537 1440 4596 curam,
1460 4509 1665 4591 industriam,

318 4697 389 4752 1111
402 4696 480 4752 nicht
496 4696 658 4767 geschehen.
694 4697 876 4754 2Vielleicht
893 4699 990 4753 Aetam
1010 4703 1035 4750 et
1050 4700 1153 4753 datrae
1189 4698 1336 4754 31111111

317 4807 333 4856 4
351 4799 410 4854 Das
432 4798 569 4870 Original,
593 4798 638 4853 ein
655 4816 776 4870 grosses,
794 4799 843 4853 mit
866 4799 928 4854 sehr
947 4799 1052 4853 kleiner
1072 4797 1177 4858 Schrift
1192 4795 1400 4874 beschriebenes
1418 4791 1666 4868 Pergamentblatt,

248 4881 371 4939 befindet
387 4883 444 4939 sich
463 4882 514 4938 auf
528 4882 589 4938 dem
607 4882 911 4951 Universitttsarchive
928 4883 982 4954 vgl.
1000 4883 1136 4939 Urlrundl.
1156 4881 1272 4947 Quellen
1291 4882 1317 4938 S.
1338 4886 1387 4937 ste
1404 4879 1452 4936 Nr.
1471 4884 1511 4936 te.
1545 4879 1604 4934 Der
1615 4877 1665 4933 fol·

249 4967 338 5039 gande
350 4967 483 5023 Abdmck
502 4967 538 5020 ist
555 4983 648 5038 genau
665 4967 715 5020 mit
731 4967 793 5022 dem
806 4967 932 5038 Originsl
944 4966 1115 5038 verglichen3
1133 4967 1258 5022 letztares
1272 4965 1379 5022 scheint
1390 4965 1457 5021 aber
1469 4962 1548 5019 nicht
1559 4961 1665 5018 iberall

250 5059 358 5108 correct
374 5069 409 5106 zu
430 5051 494 5107 sein.
528 5051 583 5105 Die
600 5049 776 5122 Bezifferung
793 5051 842 5106 der
857 5052 1000 5108 Rubrilren
1018 5050 1097 5108 riihrt
1115 5068 1169 5106 von
1188 5051 1240 5104 mir
1256 5048 1311 5106 her.

318 5153 431 5208 slttwa
447 5153 610 5208 trutinando
629 5197 635 5208 .
655 5195 660 5208 .
680 5155 925 5209 ,1111111111πά11
