3756 6158
247 457 307 522 376
726 450 778 501 Dis
797 448 1016 514 philosophiam
1032 448 1162 502 Facultit

407 639 436 703 3.
457 649 504 698 nr
526 648 812 699 raouorroureus
832 649 869 697 nr
888 646 1037 698 narrans
1058 648 1104 696 ar
1124 646 1465 697 omrmssrroumus.

327 767 410 833 Item
430 787 493 850 quo
514 764 557 829 ad
576 767 793 852 promotiones
814 763 939 831 fiendas
963 766 1095 829 inantea
1122 762 1245 857 placet,
1279 761 1366 851 quod
1391 763 1449 829 fiat
1476 761 1666 850 dispensatio

245 870 338 933 iuxta
359 864 585 952 antiquissima
605 874 729 930 statuta
750 863 930 947 facultatis,
967 872 1004 928 ut
1029 863 1152 928 scilicet
1170 883 1272 949 super
1290 884 1354 928 uno
1377 861 1461 929 libro
1484 862 1622 950 porcioli
1641 874 1667 928 et

246 966 372 1033 duobus
392 963 586 1030 tractatibus
607 964 769 1029 duntaxat
789 987 848 1052 per
870 963 1039 1030 consilium
1059 961 1222 1028 factitatis
1242 958 1458 1050 dispensetur.

202 1078 219 1132 t
327 1064 554 1142 Pariformiter
585 1064 711 1152 placet,
744 1064 831 1151 quod
862 1063 1015 1149 deinceps
1044 1060 1150 1127 nullus
1171 1083 1231 1149 pro

246 1164 554 1231 vicecancellariatu
575 1174 732 1251 perpetuo
754 1162 797 1227 ad
818 1184 938 1227 annum
960 1183 1016 1226 seu
1038 1184 1150 1243 annos,
1171 1183 1231 1249 per

248 1262 355 1331 asael
382 1262 579 1351 paralium,
608 1265 707 1330 instet
734 1260 976 1350 quoquomodo,
1005 1260 1063 1326 sed
1091 1282 1170 1353 casu
1196 1282 1231 1325 se

245 1364 398 1431 offerente
425 1373 560 1450 propter
579 1363 775 1427 exercicium
797 1361 838 1426 de
859 1361 968 1426 anima
989 1359 1040 1425 vel
1061 1359 1150 1425 aliud
1169 1381 1229 1446 pro
1277 1364 1508 1444 »turpasti-ictas
1537 1369 1603 1426 aad
1631 1387 1667 1427 aa

244 1475 391 1551 tempore
424 1461 658 1550 disputandum
690 1484 748 1548 per
780 1471 846 1527 tres
878 1482 1005 1525 menses
1043 1468 1119 1525 ante
1152 1478 1228 1524 exa·
1266 1468 1333 1526 aaa
1352 1467 1448 1535 fiand
1469 1465 1666 1543 pastrictea:

205 1574 237 1631 10
245 1564 342 1628 minis
370 1563 574 1650 apertionem
600 1583 661 1649 per
688 1562 835 1627 nationes
860 1558 1035 1626 secundum
1055 1558 1230 1625 earundem
1275 1556 1462 1650 Episcopus
1502 1584 1570 1627 non
1606 1562 1667 1626 vult

245 1662 392 1729 ordinem
432 1663 657 1748 impetretur„
689 1658 725 1724 Si
765 1661 837 1747 quis
880 1668 987 1727 autem
1032 1659 1229 1724 contrarium
1278 1661 1465 1744 admittere,
1515 1659 1574 1724 sed
1606 1660 1667 1727 vult

246 1762 375 1845 fecerit,
405 1781 517 1826 carere
544 1758 642 1824 debet
670 1759 853 1846 impetratis
884 1766 917 1823 et
936 1780 964 1823 a
990 1757 1145 1824 facultate
1170 1780 1230 1846 per
1318 1760 1399 1827 dare
1419 1760 1472 1826 cui
1492 1758 1631 1826 libuerit

244 1851 425 1927 triennium
440 1861 483 1925 sit
509 1880 696 1946 suspensus.
738 1857 792 1924 De
820 1858 976 1924 exercitio
1000 1865 1109 1923 tamar
1130 1865 1228 1923 meta-

246 1961 393 2048 phisicae
413 1957 551 2024 facsdtss
574 1957 755 2045 provideat,
775 1966 811 2022 ut
835 1958 871 2022 in
891 1979 978 2023 anno
997 1957 1095 2023 semel
1114 1956 1229 2024 saltem
1318 1948 1321 1953 ⁵

208 2071 267 2126 tia
287 2056 449 2148 principio
470 2079 572 2144 usque
593 2057 637 2124 ad
656 2057 755 2123 finem
776 2056 970 2145 disputetur.
1017 2054 1021 2066 '
1324 2048 1327 2052 ’

314 2173 416 2255 ,Quia
437 2182 545 2240 autem
557 2173 688 2239 multae
709 2171 940 2269 displicenciae
962 2180 1000 2240 ct,
1013 2171 1087 2239 lites
1108 2166 1149 2240 ex
1172 2171 1401 2269 promovendis
1421 2174 1618 2242 baccalariis
1639 2184 1667 2240 et

244 2273 413 2359 magistris
443 2283 533 2339 ortae
561 2281 694 2338 suntet
722 2274 801 2338 oriri
827 2280 962 2361 possent
983 2273 1018 2338 in
1044 2272 1203 2360 futurum,
1236 2274 1381 2342 volentes
1402 2274 1478 2341 illas
1499 2275 1666 2365 aequitatis

247 2370 438 2458 compendio
450 2394 670 2459 compensare,
691 2371 814 2437 idcirco
836 2371 952 2461 placet,
973 2368 1060 2460 quod
1076 2373 1220 2460 quilibet,
1234 2377 1269 2441 in
1284 2376 1359 2464 ipsa
1371 2368 1528 2440 facultate
1547 2396 1666 2463 promo

247 2470 371 2543 sendus
392 2472 427 2536 in
447 2462 669 2539 baccalarium
690 2470 742 2536 vel
762 2472 972 2558 magistrum,
998 2473 1032 2536 in
1052 2474 1183 2543 natione
1206 2498 1266 2543 sua
1286 2464 1506 2563 promotorem
1527 2474 1667 2561 recipere

205 2569 360 2653 ludebat,
381 2571 445 2635 nisi
466 2569 584 2655 aliquis
605 2568 738 2635 alterius
760 2571 901 2637 nationis
922 2580 1008 2637 esset
1028 2571 1126 2638 alicui
1145 2575 1375 2661 magistrorum
1396 2571 1586 2661 specialiter
1604 2572 1667 2639 sine

246 2668 361 2735 fraude
380 2679 413 2735 et
433 2667 507 2737 dolo
526 2671 726 2753 commissus,
1305 2756 1310 2767 Ι
1590 2664 1594 2674 “

333 2782 493 2871 Quodque
528 2783 664 2872 quilibet
701 2784 942 2873 'promovendus
960 2778 1007 2850 ¹in
1039 2784 1164 2852 artibus
1195 2788 1229 2853 in

249 2883 469 2951 baccalarium
489 2906 603 2967 unum,
624 2885 863 2973 promovendus
885 2889 963 2950 vero
983 2885 1017 2949 in
1036 2887 1230 2972 magistrum
1274 2891 1520 2970 Auspssiriotcn,
1542 2892 1606 2950 aad
1634 2908 1670 2950 oa

249 2984 330 3050 duos
359 2983 499 3050 florenos
521 2984 593 3049 auri
622 2983 663 3049 de
685 2983 775 3050 Reno
799 2982 856 3050 det
876 2976 936 3071 p'ro
958 2982 1130 3069 facultate,
1164 2987 1228 3051 nisi
1274 2994 1332 3052 den
1360 2991 1455 3068 Baad
1471 2988 1670 3068 pertristes:

206 3093 239 3151 25
249 3081 486 3172 promovendos
507 3082 690 3151 huiusmodi
708 3093 898 3172 'paupertas
919 3081 1073 3149 notabilis
1092 3080 1226 3151 excusa·
1274 3087 1349 3154 Non
1383 3084 1508 3174 placuit
1526 3084 1531 3089 ’
1549 3084 1670 3152 domino

246 3195 311 3268 ret,
340 3206 403 3271 quo
425 3204 504 3250 casu
523 3181 693 3270 privilegio
714 3185 930 3270 paupertatis
944 3186 1058 3251 merito
1084 3183 1227 3270 gaudent
1384 3185 1549 3274 episcopo.

247 3293 345 3370 atque
365 3281 559 3350 relevantur.
600 3282 668 3348 Sed
691 3305 754 3371 quo
776 3280 819 3347 ad
836 3293 1054 3370 promotorem

330 3437 389 3496 Die
404 3436 612 3524 Ankaitpfaaq
631 3456 688 3496 aas
702 3438 853 3513 Folpeade
865 3438 904 3497 ist
918 3440 1086 3517 terpestclit
1102 3439 1198 3498 daret
1212 3437 1260 3500 die
1275 3438 1394 3502 Warte:
1416 3434 1569 3524 quodque
1586 3435 1670 3525 quili-

243 3532 304 3598 'bet
334 3533 576 3620 promovendus.
600 3535 637 3597 in
658 3532 878 3598 baccalarium
905 3532 957 3599 vel
978 3534 1171 3620 magistrum
1254 3535 1337 3601 liber
1359 3558 1431 3600 esse
1450 3534 1548 3601 debet
1570 3535 1671 3601 dando

207 3641 241 3698 30
251 3654 309 3697 auo
322 3633 504 3719 'promotcri
525 3632 624 3698 nichil
646 3631 698 3697 vel
720 3643 853 3716 tantum,
877 3641 1032 3720 quantum
1051 3656 1111 3721 pro
1123 3631 1245 3701 honore
1260 3656 1319 3699 suc
1333 3633 1498 3700 videbitur
1513 3634 1672 3724 expedire.

250 3730 304 3796 De
324 3734 471 3820 pecuniis
492 3754 571 3798 vero
594 3733 642 3797 sic
661 3754 723 3819 pro
744 3732 897 3797 facultate
918 3734 1134 3819 praesentatis
1147 3722 1303 3819 ⁴magistri
1325 3732 1366 3797 de
1386 3733 1523 3801 consilio
1544 3735 1670 3801 facidia·

250 3832 292 3895 tis
313 3829 394 3895 duas
416 3842 447 3897 et
468 3831 584 3919 reliqui
606 3833 755 3918 magistri
775 3833 911 3897 terciam
941 3841 1067 3918 partem
1089 3831 1132 3897 ad
1153 3830 1413 3898 distribuendum
1433 3835 1518 3899 inter
1541 3857 1576 3900 se
1598 3835 1670 3900 rcci-

250 3932 340 4017 pient
365 3940 398 3995 et
413 3996 415 4007 ,
428 3931 594 3997 habebunt
626 3931 750 4018 absque
785 3931 973 3997 differencia
1001 3933 1177 3998 nationum.
1226 3929 1377 4012 Quorum
1410 3933 1616 4002 collectorem
1644 3944 1671 4000 et

250 4029 426 4096 divisorem
447 4031 606 4098 decanum
627 4053 687 4120 pro
706 4039 853 4117 tempore
877 4032 1070 4097 existentem
1093 4030 1296 4118 deputemus.

208 4205 241 4262 ³5
640 4202 669 4264 4.
693 4215 740 4262 ne
762 4213 1020 4264 msruramorur
1043 4213 1240 4266 canusiam.

332 4329 377 4395 Et
407 4330 558 4417 quoniam
579 4329 755 4418 disputatio
775 4329 958 4414 ordinaria,
978 4351 1071 4416 ,quae
1099 4331 1133 4395 in
1153 4329 1216 4396 hac
1235 4330 1389 4398 facultate
1410 4332 1507 4400 solita
1528 4343 1579 4399 est
1599 4333 1671 4416 fieri,

249 4428 386 4514 gloriam
397 4452 463 4495 non
478 4429 639 4494 modicam
652 4431 853 4516 fructumque
874 4428 1019 4513 multum,
1041 4428 1214 4496 dummodo
1238 4453 1297 4517 per
1317 4434 1491 4520 magistros
1507 4433 1672 4522 diligenter

250 4529 377 4592 visitari
392 4529 569 4612 consuevit,
590 4529 729 4612 induxit,
749 4529 886 4616 ideoque
901 4527 1017 4616 placet,
1039 4528 1125 4617 quod
1147 4528 1281 4617 quilibet
1293 4533 1449 4618 magister
1463 4533 1561 4599 huius
1580 4532 1671 4599 facid-

251 4629 328 4692 tatis
353 4636 428 4693 ante
447 4627 625 4714 byennium
648 4627 840 4715 completum
863 4638 938 4716 post
957 4630 1026 4693 eius
1042 4630 1277 4715 promotionem
1298 4630 1435 4718 singulis
1453 4631 1671 4720 disputationi-

211 4726 313 4792 tobus
338 4728 529 4810 ordinariis,
560 4737 633 4814 post
655 4726 831 4813 byennium
853 4751 931 4794 vero
958 4726 1092 4794 alternis
1119 4728 1392 4816 disputationibus
1413 4729 1616 4816 huiusmodi,
1644 4739 1672 4796 et

253 4834 328 4913 post
348 4826 540 4893 decennium
564 4826 662 4893 semel
681 4828 715 4892 in
736 4827 879 4915 quolibet
900 4848 1027 4911 mense,
1058 4829 1122 4894 nisi
1148 4828 1310 4912 valitudo,
1341 4829 1515 4896 infirmitas
1535 4841 1594 4896 aut
1613 4829 1670 4897 alia

250 4927 336 4991 iusta
365 4934 397 4992 et
426 4926 630 4992 rationabilis
664 4949 764 4992 causa
794 4949 868 4992 eum
899 4930 1049 5010 excuset,
1081 4926 1295 5015 personaliter
1324 4931 1483 4996 interesse
1514 4929 1612 4997 debet
1640 4937 1669 4994 ct

253 5047 400 5110 arguere,
421 5028 449 5091 si
471 5037 598 5114 tempus
618 5038 651 5092 ct
671 5026 785 5093 locum-
797 5026 918 5091 habere
939 5028 1066 5114 poterit.
1098 5027 1136 5093 si
1157 5029 1230 5115 quis
1252 5037 1359 5094 autem
1378 5030 1413 5093 in
1435 5030 1568 5097 casibus
1583 5050 1669 5118 prae·

253 5125 361 5190 missis
383 5124 566 5192 huiusmodi
586 5127 772 5194 ordinariae
792 5125 1005 5215 disputationi
1024 5149 1090 5194 non
1103 5129 1284 5211 interesset,
1305 5129 1430 5195 tociens
1445 5130 1598 5217 quociens
1611 5128 1668 5194 lroc
