3756 6158
819 454 875 507 Das
893 455 982 511 klciua
1001 455 1105 522 colleg.

688 652 734 700 DE
756 652 952 705 snncrlouu
973 653 1228 706 mlrarlouls·

744 794 747 799 ·
842 772 1007 824 Statutnm
1024 774 1077 826 IX.

331 883 457 948 Electio
481 882 690 950 habitationis
711 888 790 969 eius,
819 909 916 974 quarn
937 910 1057 953 vacare
1078 887 1259 973 contigerit,
1288 886 1331 951 ad
1359 895 1549 973 praesentes
1578 885 1666 951 colle-

250 1006 319 1070 gas,
350 985 490 1069 primurn
517 982 560 1047 ad
582 987 751 1068 seniorem,
773 985 890 1051 deinde
917 986 1058 1075 reliquos
1079 985 1192 1051 ordine
1213 986 1362 1073 pertinet,
1392 995 1434 1068 et,
1455 1008 1540 1073 quae
1561 985 1668 1051 ultima

210 1094 224 1150 5
252 1083 365 1148 relicta
390 1083 501 1164 fucrit,
532 1105 603 1147 eam
624 1084 729 1149 iunior
750 1084 891 1151 habebit.
933 1085 1042 1151 Debet
1062 1096 1169 1152 autem
1192 1108 1231 1150 ea
1252 1082 1364 1149 electio
1385 1083 1439 1149 die
1461 1087 1668 1153 assumtionis

249 1183 325 1246 novi
347 1180 490 1267 collegae
511 1182 677 1249 celebrari.

540 1316 587 1364 Du
609 1316 740 1366 ORDINE
760 1317 806 1366 ΕΤ
828 1317 1047 1387 ssssmuraus
1069 1316 1373 1367 OOLLEGHTORUI.

844 1436 1016 1488 statutum
1032 1437 1067 1488 X.

333 1543 377 1633 [S.
396 1543 445 1634 ¹3]
466 1545 569 1612 Sicuti
593 1548 754 1614 secundus
770 1548 871 1615 honos
891 1560 967 1637 post
986 1552 1209 1638 praepositum
1230 1548 1373 1614 defertur
1395 1549 1526 1634 seniori,
1550 1557 1596 1632 nt,
1616 1550 1669 1635 qui

211 1656 242 1711 10
252 1646 385 1712 absente
411 1645 462 1711 vel
492 1640 695 1735 delinquente
722 1651 909 1737 praeposito
934 1646 978 1714 ad
1005 1651 1206 1715 necessarias
1227 1647 1476 1714 deliberationes
1500 1646 1668 1734 collegium

248 1766 447 1831 congregare
473 1747 591 1834 possit,
620 1748 666 1811 ita
694 1757 726 1812 et
750 1747 814 1812 hoc
840 1748 882 1814 ds
909 1749 998 1815 senio
1019 1747 1183 1814 electionis
1206 1749 1412 1812 constitutum
1436 1755 1500 1833 est,
1529 1746 1617 1836 quod
1636 1748 1668 1812 in

248 1843 535 1910 consultationibus
556 1843 684 1932 collegii
705 1856 736 1911 et
756 1846 902 1912 dicendis
924 1847 1098 1934 suffragiis,
1118 1850 1228 1933 sicque
1248 1844 1388 1911 sedendo
1400 1856 1433 1910 et
1447 1846 1667 1935 suffragando,

248 1944 326 2009 ordo
349 1945 429 2009 senii
452 1945 521 2009 sine
542 1946 772 2028 controversia,
794 1948 828 2010 in
849 1945 922 2012 aliis
934 1967 1011 2011 vero
1032 1945 1261 2034 congressibus
1281 1967 1321 2011 ac
1339 1966 1452 2011 mensa
1471 1944 1553 2012 ordo
1567 1944 1672 2032 digni

246 2047 322 2109 tatis
346 2054 377 2109 et
402 2042 588 2110 academiae
609 2053 762 2110 servetur.
948 2056 951 2063 '

211 2204 241 2258 15
696 2210 744 2259 Du
766 2210 971 2261 HONES'I'A'I'E
991 2210 1212 2261 EXCOLENDA.

836 2331 1007 2381 statutum
1024 2330 1075 2381 x1.

330 2438 375 2529 [S.
399 2440 449 2531 14]
471 2443 559 2510 'Cum
582 2442 725 2530 collegae
744 2445 809 2509 siut
830 2447 924 2529 quasi
946 2455 1109 2510 senatores
1136 2454 1168 2508 et
1196 2443 1275 2507 certi
1301 2442 1488 2509 academim
1513 2464 1658 2532 praecep

249 2552 345 2624 tores,
375 2541 605 2608 elaborandum
635 2544 680 2608 eis
710 2553 768 2627 est,
793 2555 829 2609 ut
858 2547 923 2609 sint
950 2566 1048 2620 verae
1067 2543 1207 2631 pietatis,
1235 2543 1376 2625 virtutis,
1404 2542 1593 2626 honestatis,
1618 2544 1660 2607 in-

247 2642 344 2727 genui
372 2640 506 2728 pudoris
535 2651 566 2706 et
596 2640 741 2706 liberulis
773 2640 940 2708 doctrinae
967 2639 1205 2708 adolescentiae
1231 2643 1324 2726 quasi
1352 2643 1442 2721 viva,
1457 2640 1609 2731 exempla
1632 2651 1659 2706 et

207 2744 241 2804 20
252 2740 357 2805 duces.
379 2739 446 2820 Qui
465 2743 565 2826 igitur
579 2739 630 2805 vel
651 2741 826 2827 impietate,
845 2741 987 2824 levitate,
1006 2742 1094 2806 vitae
1116 2740 1333 2823 dissolutione,
1355 2742 1520 2828 pravitate
1530 2752 1660 2813 manac

250 2840 301 2905 vel
322 2839 457 2905 libidine
479 2838 635 2926 peccandi
663 2848 719 2904 aut
745 2862 935 2927 quacunque
961 2843 1129 2908 occasione
1155 2863 1261 2905 mores
1290 2841 1494 2906 innocentiae
1514 2862 1557 2907 ae
1580 2852 1660 2906 ture

252 2960 308 3004 rae
335 2941 451 3004 aetatis
479 2940 643 3026 profectus
669 2939 853 3027 impedierit
873 2939 924 3005 vel
952 2939 1134 3027 offenderit,
1160 2941 1389 3025 gravissimam
1415 2939 1511 3013 dabit
1530 2938 1660 3028 collegio

247 3060 394 3127 poenam,
417 3060 513 3125 quam
536 3039 640 3123 ipsum
663 3037 852 3104 decreverit.

334 3137 394 3202 Et¹
416 3139 471 3223 qui
492 3159 591 3202 ausus
612 3138 709 3201 suerit
730 3148 912 3224 suspectam
937 3137 1044 3202 famae
1067 3147 1098 3202 et
1125 3135 1258 3224 pudoris
1281 3137 1445 3203 mulierem
1473 3138 1509 3202 in
1530 3136 1661 3224 collegio

207 3236 369 3303 25habere
390 3245 421 3301 et
442 3259 513 3302 cum
537 3235 595 3300 illa
619 3236 780 3324 flagitiose
799 3238 935 3318 versari,
962 3235 1053 3323 dabit
1073 3234 1226 3301 mulctam
1248 3235 1383 3323 collegio
1404 3236 1517 3302 decem
1538 3236 1662 3304 florino

246 3360 326 3403 rum.
361 3329 396 3401 Si
420 3335 561 3401 secundo
582 3334 643 3400 hoc
662 3339 735 3424 ipso
754 3337 882 3403 nomine
903 3335 1078 3422 delinquat,
1108 3336 1142 3399 in
1163 3334 1296 3422 duplum
1318 3337 1488 3424 punietis,
1510 3338 1540 3402 si
1560 3338 1662 3418 tertio,

247 3435 429 3525 privabitur
461 3431 525 3523 [15]
552 3434 774 3500 emolumentis
804 3436 930 3523 collegii
965 3457 1023 3523 per
1052 3456 1180 3500 annum.
1220 3433 1346 3516 Quodsi
1377 3456 1438 3501 nec
1472 3435 1537 3502 hoc
1571 3435 1663 3502 modo

245 3536 364 3621 corrigi
385 3535 513 3622 poterit,
535 3555 556 3599 a
577 3532 712 3620 collegio
734 3534 932 3600 excludatur.

694 3719 741 3766 Du
763 3717 902 3768 munus
924 3716 1029 3765 OMNIS
1050 3716 1205 3765 GENERIS.

213 3847 247 3903 30
819 3838 988 3888 statutum
1005 3834 1073 3885 XII.

327 3952 380 4017 Ad
401 3949 640 4039 reprimendam
663 3974 733 4016 eam
755 3949 942 4015 facilitatem
964 3949 1184 4032 dissentiendi,
1206 3971 1247 4012 ex
1263 3971 1327 4035 qua
1347 3951 1494 4017 oriuntur
1515 3954 1661 4034 iniuriae,

245 4052 474 4117 acerbissimae
496 4050 713 4116 dissensiones
734 4051 924 4133 animorum,
950 4049 1033 4131 lites,
1055 4051 1148 4113 rixae
1170 4057 1202 4112 et
1222 4048 1338 4134 iurgia,
1357 4048 1393 4115 id
1414 4049 1582 4118 decretum
1600 4061 1662 4116 est:

245 4151 310 4233 Qui
330 4152 473 4216 affecerit
493 4149 628 4215 alterum
642 4148 768 4214 verbali
786 4150 914 4236 iniuria,
934 4146 1141 4212 mulctabitur
1161 4169 1223 4211 uno
1242 4146 1374 4232 florin03
1396 4151 1451 4236 qui
1468 4151 1663 4236 percusserit

244 4252 380 4317 sltenun
411 4251 480 4315 sine
506 4251 737 4330 cruentatione,
759 4247 851 4314 dabit
873 4247 951 4313 duos
971 4247 1119 4330 florines,
1150 4247 1178 4311 si
1205 4249 1435 4333 cruentaverit,
1465 4250 1536 4314 sine
1557 4259 1661 4314 tamen

203 4350 388 4432 avulsere,
411 4348 594 4414 numerabit
614 4358 681 4414 tres
701 4348 843 4414 florines.
877 4345 913 4412 Si
933 4345 1160 4429 vulneraverit,
1182 4345 1294 4411 decem
1314 4346 1447 4413 florines
1470 4346 1608 4436 pendet3
1634 4348 1661 4413 si

246 4436 453 4531 mutilaverit,
474 4448 591 4534 viginti
619 4447 752 4514 florines
774 4447 885 4513 solvet.
908 4441 973 4533 [16]
1006 4444 1043 4510 Si
1068 4466 1182 4532 pacem
1209 4444 1377 4511 mandanti
1402 4448 1592 4536 praeposito
1611 4445 1658 4532 vel

244 4551 364 4617 seniori
391 4569 456 4613 non
482 4547 637 4634 paruerit,
666 4548 800 4632 triginta
826 4545 976 4626 florinos3
1005 4564 1144 4631 poenam
1169 4566 1234 4609 non
1260 4543 1388 4612 solvens
1407 4568 1430 4612 a
1448 4544 1587 4634 collegio
1606 4567 1657 4611 ex·

245 4649 403 4716 cludatur.
443 4646 482 4711 In
502 4645 553 4711 his
577 4646 605 4710 si
625 4647 830 4733 praepositus
851 4644 1036 4731 deliquerit,
1062 4641 1302 4725 animadversio
1322 4643 1443 4711 multae
1466 4642 1655 4733 geminanda

244 4758 304 4814 est.
345 4747 505 4813 Executio
536 4755 643 4809 tamen
673 4743 850 4810 differenda
879 4753 928 4808 est
955 4743 990 4807 in
1016 4739 1140 4806 abitum
1167 4741 1217 4806 sui
1244 4743 1465 4829 magistratus,
1506 4743 1652 4831 Haecque

206 4849 356 4914 toomnia
378 4848 427 4913 sic
447 4843 655 4931 intelligenda
676 4852 759 4926 sunt,
781 4853 817 4908 ut
836 4853 868 4908 et
889 4843 975 4929 parti
996 4840 1105 4906 laesae
1123 4839 1331 4927 peculiariter
1350 4843 1538 4911 satisfaciat

319 5115 329 5166 t
348 5110 447 5168 Dieser
463 5108 558 5165 aurate
574 5106 680 5165 aban
697 5106 734 5162 ist
750 5107 844 5177 spiter
859 5101 1091 5177 mammerti
