3756 6158
247 445 308 507 552
751 412 801 492 Die
822 440 1006 506 theologisohe
1026 439 1152 490 recutiet.

248 624 355 689 missis
376 623 511 709 incipiat
532 623 680 710 primum.
724 622 760 689 si
781 623 850 689 vult
871 622 969 705 alius,
992 619 1151 686 secundus
1174 620 1325 707 incipiat,
1354 642 1429 686 cum
1456 620 1561 707 priori
1591 640 1658 683 sen-

246 723 417 804 tenciario,
438 730 474 786 ut
493 724 598 809 prius,
627 722 862 805 concurrendo,
899 723 980 788 alter
1000 743 1077 786 vero
1099 719 1260 785 admissus
1282 728 1433 806 expectet
1454 719 1497 783 ad
1519 719 1659 784 lutrarum

246 845 373 889 annum,

289 996 335 1058 10.
364 1005 409 1052 nn
436 1003 598 1051 rnnaosn
629 1004 792 1054 racrnnnr
813 1006 1014 1055 enmcmrnn
1035 1006 1071 1052 m
1091 1003 1303 1053 snnrnrcrss
1323 1003 1391 1050 vnn
1413 1002 1451 1050 m
1473 1001 1620 1072 cossura

202 1132 219 1186 5
328 1119 498 1183 Admissus
518 1118 560 1183 ad
582 1141 711 1183 cursum
732 1120 783 1185 vel
806 1121 848 1186 ad
873 1122 1052 1186 sentencias
1074 1124 1200 1185 tenetur
1220 1119 1328 1183 facere
1349 1118 1549 1204 principium
1570 1140 1656 1182 suum

245 1219 429 1284 interfecta
451 1219 554 1282 sancti
576 1217 746 1304 Lamperti
768 1228 801 1284 et
822 1222 925 1285 sancti
947 1219 1034 1284 Galli
1063 1229 1137 1306 post
1163 1218 1393 1283 admissionem
1417 1217 1567 1303 proxime
1586 1238 1657 1281 ven·

245 1334 327 1399 tura,
351 1315 401 1380 vel
423 1316 464 1380 ad
484 1317 590 1380 minus
613 1315 708 1381 debet
728 1340 748 1382 a
767 1319 801 1383 sa
809 1314 840 1406 [9
850 1316 877 1406 ⁸]
887 1318 1005 1384 cultate
1027 1320 1171 1406 spacium
1193 1327 1225 1382 et
1245 1315 1413 1381 licenciam
1425 1317 1585 1402 temporis
1595 1315 1658 1381 lon-

244 1418 343 1504 gioris
365 1416 528 1501 optinere3
552 1415 632 1480 alias
654 1417 768 1503 perdet
791 1440 883 1482 suum
914 1417 1029 1482 locum.
1070 1418 1152 1483 Item
1177 1419 1211 1481 in
1238 1415 1398 1503 principio
1430 1413 1545 1497 studii,
1577 1413 1659 1500 quod

245 1527 294 1581 est
314 1515 491 1601 Lamperti,
514 1515 688 1602 incipiente
707 1539 769 1582 uno
791 1518 1019 1603 magistrorum
1042 1515 1159 1603 legere,
1182 1537 1263 1580 unus
1286 1514 1533 1596 sentenciarius,
1554 1514 1582 1578 si
1605 1513 1657 1578 ali·

206 1627 236 1681 10
248 1617 318 1701 quis
341 1614 445 1694 fuerit,
465 1613 565 1677 faciat
586 1636 679 1679 suum
700 1615 914 1703 principium,
952 1625 984 1681 et
1012 1616 1046 1680 in
1074 1615 1186 1680 eadem
1215 1615 1396 1701 septimana
1424 1613 1526 1677 faciat
1545 1615 1657 1699 princi·

244 1716 333 1802 pium
354 1735 458 1778 novus
479 1736 601 1796 cursor,
623 1716 650 1778 si
672 1714 790 1802 aliquis
811 1716 915 1780 luerit.
957 1716 1002 1780 Et
1023 1714 1105 1779 alter
1125 1714 1356 1778 sentenciarius
1379 1710 1529 1776 similiter
1548 1710 1607 1776 fiat
1625 1712 1656 1775 in

247 1811 388 1877 secunda
409 1822 442 1876 et
463 1813 777 1901 tercia-septimana,
799 1814 826 1877 si
849 1813 960 1902 plnres
981 1836 1130 1879 clusores
1154 1810 1205 1876 vel
1227 1811 1432 1877 sentenciarii
1452 1810 1590 1892 fuerint,
1615 1811 1657 1874 ita

245 1923 351 1977 tamen
373 1911 461 1998 quod
481 1911 515 1974 in
535 1911 647 1977 eadem
671 1912 852 1999 septimana
871 1936 935 1979 non
955 1914 1034 1979 fiant
1055 1911 1146 2001 plura
1171 1934 1266 1997 quam
1288 1909 1352 1976 duo
1374 1910 1546 1997 principia

468 2117 512 2176 11.
538 2129 584 2175 nn
611 2128 712 2176 noem
731 2129 776 2176 su
800 2127 929 2178 onoma
951 2128 1245 2178 ssccsnsnroann
1265 2127 1372 2175 mssa
1394 2127 1443 2175 ss.

206 2274 235 2326 15
329 2260 467 2342 Faciens
488 2262 683 2348 principium
704 2263 739 2326 in
761 2262 940 2327 sentencias
963 2261 1139 2347 praecedat
1159 2260 1241 2326 alios
1264 2257 1485 2339 baccalarios,
1509 2260 1566 2345 qni
1584 2281 1655 2324 non·

245 2361 321 2425 dum
341 2358 487 2423 fecerunt
507 2360 703 2447 principium
725 2362 758 2425 in
786 2360 925 2425 easdem.
968 2361 1048 2426 Item
1077 2361 1199 2425 faciens
1225 2358 1373 2431 ordinate
1400 2358 1600 2444 principium
1627 2360 1656 2422 in

245 2459 380 2523 tercium
402 2455 558 2523 librorum
581 2460 814 2524 sententiarum
837 2461 879 2524 sit
900 2470 931 2524 et
951 2469 1116 2547 reputetur
1133 2456 1336 2523 baccalarius
1358 2460 1392 2520 in
1416 2455 1584 2543 theologia
1604 2479 1658 2544 pro

246 2558 433 2642 magisterio
455 2557 639 2622 formatus.¹
672 2558 751 2622 Item
773 2558 895 2623 faciens
916 2559 1111 2647 principium
1132 2559 1165 2621 in
1186 2558 1322 2622 tercium
1344 2554 1463 2620 librum
1486 2557 1658 2621 sentencia·

245 2680 314 2720 rum
337 2655 511 2742 praecedat
533 2658 791 2741 sentenciarinm,
814 2659 869 2746 qui
888 2659 1033 2723 nondum
1054 2658 1175 2744 incepit
1195 2656 1348 2737 tercium,
1379 2654 1456 2719 licet
1484 2657 1589 2719 eciam
1609 2655 1657 2720 ille

205 2755 480 2820 ttsentenciarius
501 2756 592 2842 prius
613 2756 655 2822 ad
685 2758 864 2821 sentencias
891 2757 987 2821 fuerit
1013 2764 1253 2844 praesentatus,
1296 2765 1362 2818 tam
1393 2752 1451 2817 diu
1479 2752 1585 2819 donec
1611 2754 1659 2819 ille

247 2854 598 2918 sentenciariuslaciat
619 2857 813 2942 principium
834 2855 868 2919 in
890 2857 1007 2939 tercio,
1030 2853 1062 2943 [9
1070 2853 1095 2942 b]
1125 2854 1299 2940 quoiacto
1326 2854 1418 2939 prius
1438 2863 1658 2938 praesentatus

246 2952 365 3017 habeat
384 2951 488 3017 locum
511 2976 601 3017 suum
625 2953 800 3018 secundum
823 2955 1138 3040 praesentacionem,
1169 2950 1343 3018 dummodo
1365 2953 1457 3039 prius
1479 2964 1657 3037 praesenta·

246 3063 298 3117 tus
320 3053 523 3116 continuaret
543 3053 630 3116 facta
654 3076 721 3135 sua,
744 3052 795 3117 vel
816 3052 857 3117 de
878 3053 1036 3120 dilacione
1056 3054 1174 3119 habeat
1189 3051 1357 3116 licenciam
1370 3050 1547 3116 facultatis.
1576 3052 1656 3134 Item,

245 3151 420 3238 praedictis
441 3173 506 3215 non
528 3150 742 3233 obstantibus,
765 3152 950 3239 specialiter
976 3151 1159 3219 ordinatum
1180 3143 1247 3232 est,
1276 3150 1362 3239 quod
1391 3151 1505 3222 doctor
1534 3152 1656 3217 alterins

204 3249 421 3331 ttl'acultatis,
442 3248 484 3313 ad
509 3272 638 3315 cursum
659 3250 710 3314 vcl
732 3250 774 3315 ad
796 3252 975 3316 sentencias
997 3252 1169 3332 admissus,
1189 3249 1308 3316 habeat
1327 3250 1433 3316 locum
1457 3261 1533 3316 ante
1556 3274 1656 3317 omnes

245 3349 448 3414 baccalarios
471 3347 551 3413 alios
571 3348 734 3415 facultatis
755 3349 974 3435 theologicae,
1015 3351 1072 3416 sed
1101 3352 1128 3415 si
1156 3350 1255 3414 suerit
1277 3347 1395 3436 aliquis
1418 3352 1655 3430 sentenciarins,

246 3450 354 3513 senior
374 3470 427 3529 co,
465 3469 536 3511 cum
560 3469 597 3512 eo
623 3470 833 3530 concurrens,
875 3449 950 3514 talis
978 3450 1012 3513 in
1041 3449 1246 3537 promocione
1268 3448 1310 3512 ad
1334 3448 1540 3514 doctoratum
1562 3448 1655 3514 eidem

245 3556 451 3635 proponatur.

581 3717 627 3777 12.
647 3729 694 3776 nn
718 3729 885 3778 rsonoro
907 3730 943 3777 rs
965 3730 1044 3778 snm
1065 3730 1328 3779 umvsnsmsrn.

204 3871 238 3926 30
332 3861 422 3925 Alibi
444 3870 620 3948 promotus,
649 3871 821 3946 antequam
844 3863 1030 3949 recipiatur,
1056 3862 1141 3927 iuret
1168 3872 1288 3928 statuta
1316 3886 1451 3928 servare
1477 3873 1511 3928 et
1538 3864 1655 3944 bursas,

246 3984 326 4046 quas
347 3960 400 4024 hic
421 3984 483 4026 non
506 3960 610 4043 solvit,
633 3959 739 4025 adhuc
761 3961 885 4026 solvere
907 3971 939 4025 et
960 3961 1024 4026 alia
1045 3961 1161 4044 facere,
1184 3985 1266 4049 quae
1287 3972 1363 4028 sunt
1384 3986 1444 4050 per
1466 3967 1592 4029 noviter
1613 3986 1654 4028 re·

246 4060 432 4147 cipiendum
452 4060 610 4143 facienda,
633 4081 672 4124 ac
694 4062 723 4123 si
742 4061 855 4124 fnisset
887 4063 921 4124 in
949 4062 1160 4126 universitate
1188 4070 1300 4126 nostra
1327 4060 1371 4126 ad
1397 4061 1496 4127 talem
1524 4063 1654 4150 gradum

245 4170 426 4246 promotus3
449 4161 524 4223 item
548 4157 673 4224 bedello
697 4157 892 4225 satisfacere.

604 4289 622 4332 ⁸
786 4328 832 4390 13.
855 4341 901 4388 nn
917 4341 1119 4392 ssmcmsrs.

204 4483 236 4537 :u
336 4473 498 4538 Statutum
511 4483 542 4537 et
554 4473 736 4538 ordinatum
759 4483 817 4556 est,
840 4473 924 4558 qnod
947 4475 987 4539 de
1008 4475 1150 4560 quolibet
1171 4475 1293 4558 ordine,
1315 4477 1523 4542 universitati
1536 4487 1654 4543 nostrae

245 4576 453 4659 incorporato
475 4571 526 4637 vel
553 4572 808 4660 incorporando,
852 4571 953 4638 solum
982 4597 1064 4638 unus
1091 4573 1262 4660 religiosus
1290 4572 1375 4663 [10⁸]
1395 4577 1501 4662 possit
1523 4599 1592 4641 esse
1610 4597 1654 4639 re

247 4694 325 4756 gens
339 4673 367 4754 ‘²3
389 4681 421 4736 et
443 4671 529 4757 quod
551 4671 637 4736 solus
657 4670 711 4736 ille
734 4673 775 4735 sit
798 4671 838 4735 de
860 4672 993 4737 consilio
1013 4673 1185 4757 facrdtatis,
1209 4676 1264 4761 qui
1285 4686 1362 4739 tunc
1376 4674 1541 4740 admissus
1562 4685 1592 4740 et
1610 4697 1653 4738 re

248 4782 360 4856 ceptus
380 4772 476 4836 fuerit
497 4793 555 4858 per
577 4769 727 4852 eandem3
757 4780 788 4835 et
810 4769 895 4857 quod
914 4770 968 4837 ille
990 4773 1033 4836 sit
1051 4773 1157 4838 iunior
1179 4797 1220 4838 ex
1242 4771 1370 4856 ordine,
1400 4775 1430 4838 si
1457 4774 1607 4856 voluerit,
1625 4783 1652 4837 et

291 5006 300 5053 1
321 5003 374 5053 Am
392 5003 489 5056 Raude
508 5003 682 5057 baccata-ius
693 5008 838 5073 formatae
854 5005 922 5074 qum.

289 5089 303 5138 2
323 5084 377 5137 Am
395 5085 490 5140 Raude
503 5095 616 5156 praeter
632 5105 714 5141 unum
730 5088 888 5158 religiosum
904 5107 960 5143 non
973 5095 1063 5159 potest
1079 5106 1135 5144 esse
1147 5094 1298 5160 professor
1312 5107 1414 5159 reperta.
