3756 6158
234 460 294 524 504
718 457 768 508 Dis
790 454 1009 521 philosophischc
1029 454 1159 508 Faculttt.

235 641 368 716 discant.
388 702 392 708 ,
411 641 455 706 Et
484 650 519 706 ut
546 640 673 728 singula
707 640 889 727 praemissa
920 639 1028 705 debite
1057 638 1285 720 observentur,
1316 637 1460 703 decanus
1491 659 1565 700 cum
1592 635 1654 701 suis

234 741 461 806 executoribus
482 740 620 827 diligens
642 739 739 804 debet
760 739 899 827 desuper
920 738 1076 804 adbibere
1105 738 1297 802 scrutinium
1326 747 1357 802 et
1384 736 1653 802 contrafacientes

235 862 291 904 seu
320 841 512 906 excedentes
540 841 671 927 punire,
695 838 753 903 sub
784 862 889 926 poena
920 840 1084 903 carentiae
1112 836 1272 901 mercedis
1302 859 1360 901 suo
1386 845 1535 922 tempore
1566 858 1654 922 prae

233 939 368 1004 standae
389 950 421 1003 et
444 940 607 1004 carentiae
628 941 867 1024 acturegentiae
889 962 948 1025 per
970 937 1111 1002 medium
1139 958 1277 1018 annum,
1308 958 1425 1022 parum
1453 937 1544 1000 enim
1574 945 1655 999 esset

187 1048 203 1101 5
232 1047 353 1102 statuta
376 1038 524 1119 condere,
547 1039 609 1102 nisi
630 1039 705 1124 ipsa
725 1039 908 1102 executioni
929 1035 1059 1101 debitae
1081 1033 1363 1100 demandarentur.

417 1228 461 1287 16.
483 1239 530 1285 ns
554 1237 749 1285 sonuimus
772 1237 904 1286 Passus
925 1235 1175 1284 axaacnarruu
1196 1237 1242 1283 nr
1264 1234 1479 1283 nnanarmu.

315 1353 443 1432 Placet,
467 1351 553 1438 quod
575 1351 710 1436 quilibet
730 1352 872 1417 decanus
902 1375 960 1439 pro
989 1362 1136 1436 tempore
1158 1351 1299 1415 existens
1322 1374 1387 1416 non
1407 1348 1510 1415 debet
1530 1348 1654 1414 solvere

236 1462 362 1539 pastum
387 1450 483 1515 alicui
511 1449 664 1515 lectorum
687 1450 739 1516 vel
765 1452 982 1516 exercentium
1010 1452 1044 1514 in
1074 1451 1236 1538 principio
1265 1451 1451 1515 mutationis
1472 1447 1525 1512 vel
1549 1450 1653 1534 incep-

233 1552 329 1615 tionis
352 1572 482 1614 suorum
505 1559 655 1631 actuum,
683 1550 739 1614 sed
772 1550 914 1614 medium
947 1559 1075 1635 pastum
1105 1551 1138 1614 in
1172 1547 1278 1613 medio
1310 1550 1500 1613 mutationis
1533 1546 1654 1613 solvere

193 1661 224 1713 10
235 1649 331 1713 debet
353 1671 424 1712 esse
445 1649 623 1731 asstrictus,
647 1651 674 1713 si
695 1649 796 1714 lector
818 1649 957 1735 diligens
979 1649 1076 1713 fuerit
1098 1659 1130 1714 et
1151 1651 1257 1735 ipsum
1279 1647 1505 1733 postulaverit,
1525 1647 1591 1712 hoc
1610 1656 1655 1711 est

231 1751 263 1812 in
284 1748 388 1813 hieme
410 1750 497 1812 circa
517 1750 634 1812 festum
656 1749 761 1812 sancti
779 1748 889 1827 Pauli,
913 1751 946 1812 in
968 1758 1091 1813 aestate
1114 1749 1202 1813 circa
1229 1749 1344 1811 f'estum
1373 1757 1509 1812 sanctae
1527 1746 1655 1832 Marga-

231 1847 358 1930 rethae3
381 1846 545 1911 residuam
562 1856 699 1934 partem,
717 1846 852 1912 lectione
866 1848 967 1912 finita.
1011 1846 1077 1912 Sed
1097 1848 1263 1933 magistris
1282 1845 1513 1911 exercentibus
1528 1855 1655 1932 pastum

232 1945 358 2011 solvere
379 1968 443 2010 non
466 1945 577 2027 debet,
599 1947 663 2010 nisi
687 1947 848 2011 exercicio
869 1948 969 2013 linito.
1013 1947 1122 2010 Debet
1149 1947 1247 2010 etiam
1269 1945 1404 2030 quilibet
1424 1947 1653 2031 magistrorum

236 2046 455 2110 exercentium
477 2055 551 2108 ante
572 2044 715 2109 debitum
739 2055 865 2131 tempus
886 2045 1030 2127 finiendi,
1053 2069 1073 2110 a
1092 2043 1245 2111 facultate
1268 2054 1426 2128 taxatum,
1449 2066 1546 2109 sunm
1569 2065 1654 2109 exer

189 2155 220 2209 15
233 2146 348 2209 cicium
376 2166 441 2208 non
470 2145 661 2226 terminare,
691 2143 750 2208 sub
780 2167 884 2230 poena
918 2147 1080 2210 carentiae
1109 2153 1222 2232 pastus
1253 2154 1285 2208 et
1311 2166 1377 2209 non
1406 2145 1655 2229 eomputationis

229 2244 382 2308 exercicii
411 2264 470 2329 pro
501 2246 728 2328 acturegentia.
772 2243 833 2308 Est
862 2254 968 2308 autern
996 2254 1124 2331 tempus
1151 2244 1218 2308 fere
1246 2244 1388 2308 omnium
1418 2243 1651 2307 exerciciorum

231 2352 382 2430 quattuor
411 2343 586 2424 mensium,
614 2342 813 2429 phisicorum
844 2354 949 2408 autem
984 2344 1145 2431 quinque,
1176 2353 1211 2407 ut
1243 2351 1363 2407 statuta
1395 2341 1540 2429 desuper
1573 2339 1654 2405 edita

230 2441 352 2528 liquido
374 2440 554 2505 ostendunt

235 2631 281 2688 17.
304 2620 439 2710 [Bran]
462 2640 646 2705 usmarus,
668 2640 848 2689 sacramus
869 2641 1026 2701 snrouon
1049 2641 1273 2704 nxnaclcruu,
1293 2637 1435 2688 nucsuo
1451 2635 1653 2686 Pnomrrsr

189 2732 222 2787 20
647 2740 694 2787 nn
715 2741 919 2788 nmrsnu'rra
941 2741 1050 2788 ruxra
1071 2741 1242 2788 suasura

318 2855 362 2919 Ut
384 2856 515 2936 sciatur,
542 2855 596 2942 qui
619 2857 767 2940 magistri
789 2858 896 2942 etqui
923 2878 987 2920 non
1016 2879 1077 2942 pro
1105 2866 1250 2942 tempore
1279 2854 1450 2941 disputant
1477 2875 1541 2917 sua
1565 2873 1651 2916 exer·

232 2955 315 3019 cicia
338 2964 369 3017 et
392 2955 456 3017 sint
477 2964 714 3040 acturegentes,
738 2955 861 3041 placet,
881 2954 967 3039 quod
990 2953 1125 3042 quilibet
1144 2956 1390 3040 magistrorum,
1412 2953 1578 3038 recipiens
1600 2951 1652 3014 ali-

236 3052 321 3141 quod
344 3054 538 3117 exercicium
559 3076 621 3148 pro
642 3055 864 3139 acturegentia
884 3056 1061 3119 autetiam
1084 3053 1296 3143 completione
1324 3053 1374 3116 sui
1405 3050 1541 3134 biennii,
1564 3049 1654 3115 debet

237 3152 296 3217 sub
318 3152 491 3217 bonafide
513 3152 635 3217 decano
658 3153 865 3240 promittere,
889 3153 974 3240 quod
1003 3154 1092 3218 omni
1117 3152 1170 3218 die
1195 3151 1387 3240 disputabili
1414 3152 1511 3215 iuxta
1540 3159 1653 3215 statuta

190 3251 398 3316 25facultatis
425 3254 542 3316 artium
569 3251 741 3338 diligenter
769 3252 848 3316 velit
879 3275 1038 3317 exercere.
1088 3252 1132 3317 Et
1161 3251 1344 3317 huiusmodi
1375 3251 1575 3338 promissum
1604 3248 1651 3312 de·

237 3374 337 3416 canus
362 3351 402 3417 ab
425 3373 616 3438 unoquoque
638 3353 864 3437 magistrorum
891 3355 1109 3417 exercentium
1140 3362 1331 3437 extorquere
1362 3360 1395 3414 et
1422 3350 1573 3436 recipere
1599 3346 1652 3411 sub

239 3450 347 3516 debito
371 3451 421 3514 sui
442 3451 590 3536 praestiti
610 3452 779 3515 iuramenti
802 3451 897 3515 debet
926 3473 995 3515 esso
1024 3450 1204 3537 obligatus,
1228 3473 1289 3536 quo
1317 3452 1403 3515 facto
1432 3447 1566 3513 eosdem
1592 3469 1650 3510 ma·

236 3552 372 3634 gistros,
406 3551 452 3613 sic
484 3571 636 3614 exercere
667 3574 723 3615 seu
753 3549 916 3614 biennium
950 3574 1040 3614 suum
1073 3549 1235 3636 complere
1265 3549 1428 3631 volentes,
1458 3547 1502 3612 ad
1533 3557 1651 3611 certum

235 3651 425 3734 registrum,
448 3647 570 3712 adhoc
594 3648 777 3735 specialiter
801 3649 1005 3735 deputatum,
1026 3649 1164 3714 fideliter
1191 3650 1400 3734 consignare,
1421 3658 1454 3712 et
1483 3647 1650 3731 diligenter

193 3750 422 3833 30respicere¹
449 3772 522 3813 cum
554 3750 620 3812 suis
652 3748 877 3813 executoribus
908 3759 939 3813 et
970 3748 1178 3830 electoribus,
1208 3747 1296 3834 qnod
1323 3748 1433 3812 omnia
1467 3758 1500 3811 et
1531 3743 1650 3831 singula

237 3848 408 3929 exercicia,
432 3847 473 3910 ad
493 3848 632 3934 aliquem
649 3847 786 3932 gradum
806 3851 995 3934 spectantia,
1014 3850 1101 3913 omni
1120 3850 1296 3912 mutatione
1313 3845 1421 3911 debite
1440 3845 1649 3933 disputentur,

235 3956 267 4009 et
287 3944 406 4009 nullum
432 3948 714 4031 praetermittatur,
743 3957 777 4011 ut
806 3950 853 4011 sic
880 3971 972 4012 nemo
1000 3947 1164 4034 querulari
1184 3946 1305 4012 habeat
1331 3956 1447 4009 contra
1467 3943 1650 4009 facultatem

236 4048 364 4127 artium,
388 4045 474 4131 quod
491 4048 652 4111 exercicia
676 4049 709 4110 in
730 4069 768 4110 ea
790 4069 846 4111 seu
866 4046 975 4134 aliqua
997 4069 1039 4111 ex
1061 4046 1107 4110 eis
1128 4069 1191 4110 non
1215 4044 1430 4130 disputentur,
1450 4043 1539 4132 quod
1555 4054 1651 4108 trans

237 4148 318 4211 actis
339 4146 432 4210 annis
453 4167 550 4230 saepe
571 4146 691 4209 sactum
713 4169 783 4209 esse
806 4156 942 4215 constat.

195 4322 227 4376 35
449 4313 492 4375 18.
521 4328 663 4387 ouauno
687 4327 872 4375 uxnacrcm
893 4327 1059 4375 mouetur
1080 4328 1125 4374 nr
1147 4327 1254 4374 smmi
1275 4327 1451 4374 cassans.

318 4443 445 4524 Placet,
467 4443 553 4528 quod
581 4446 728 4529 magistri
751 4453 937 4507 exercentes
958 4452 1033 4507 ante
1054 4453 1180 4529 tempus
1202 4466 1223 4506 a
1243 4441 1397 4508 facultate
1419 4443 1544 4506 artium
1566 4459 1653 4526 prae·

233 4546 334 4609 fixum
346 4544 507 4606 exercicia
521 4566 578 4607 sua
589 4544 719 4608 minime
729 4542 858 4624 finiant3
882 4552 922 4625 et,
944 4565 985 4606 ne
1008 4544 1080 4627 quis
1103 4552 1274 4628 praetextu
1295 4542 1502 4627 ignorantiae
1525 4563 1559 4605 se
1582 4560 1653 4626 quo·

237 4640 590 4708 modolibet'excusare
612 4642 734 4723 valeat,
756 4641 893 4726 facultas
923 4643 1039 4706 artium
1068 4640 1251 4706 huiusmodi
1286 4652 1414 4727 tempus
1445 4636 1653 4728 exprimendo

236 4745 328 4806 iuxta
348 4742 480 4826 antiqua
502 4751 622 4807 statuta
643 4740 781 4827 desuper
801 4741 889 4805 edita
911 4739 1062 4805 declarat
1109 4741 1192 4804 Nam
1210 4742 1406 4807 exercicium
1427 4741 1549 4805 veteris
1569 4738 1653 4817 artis,

197 4852 231 4906 to
241 4863 418 4928 parvorum
439 4840 628 4927 laycalium,
655 4841 694 4905 de
716 4842 823 4904 anima
845 4863 904 4927 pro
928 4839 1162 4921 baccalariatu,
1184 4863 1288 4904 novae
1309 4839 1439 4926 logicae
1460 4862 1523 4927 pro
1544 4838 1652 4903 bacca·

239 4939 357 5005 lariatu
380 4949 411 5003 et
432 4942 633 5025 magisterio,
660 4964 698 5005 ac
726 4941 919 5005 exercicium
950 4962 1127 5027 parvorum
1155 4937 1351 5004 naturalium
1380 4962 1442 5026 pro
1472 4936 1652 5026 magisterio

326 5145 334 5191 l
357 5138 398 5192 Zu
418 5142 554 5208 erg'ainzen
571 5139 607 5192 ist
624 5156 674 5192 aus
693 5139 758 5194 dem
776 5136 1038 5208 Voraufgehenden:
1055 5138 1132 5192 debet
1147 5153 1202 5191 asse
1219 5136 1366 5206 obliquae.
