<?xml version="1.0" encoding="UTF-8"?>
<!DOCTYPE html PUBLIC "-//W3C//DTD XHTML 1.0 Transitional//EN"
    "http://www.w3.org/TR/xhtml1/DTD/xhtml1-transitional.dtd">
<html xmlns="http://www.w3.org/1999/xhtml" xml:lang="en" lang="en">
 <head>
  <title>
</title>
<meta http-equiv="Content-Type" content="text/html;charset=utf-8" />
  <meta name='ocr-system' content='tesseract 3.04.00' />
  <meta name='ocr-capabilities' content='ocr_page ocr_carea ocr_par ocr_line ocrx_word'/>
</head>
<body>
  <div class='ocr_page' id='page_1' title='image "./diestatutenbche00univgoog_0473.png"; bbox 0 0 3756 6158; ppageno 0'>
   <div class='ocr_carea' id='block_1_1' title="bbox 736 461 1223 527">
    <p class='ocr_par' dir='ltr' id='par_1_1' title="bbox 736 461 1223 527">
     <span class='ocr_line' id='line_1_1' title="bbox 736 461 1223 527; baseline -0.002 -14"><span class='ocrx_word' id='word_1_1' title='bbox 736 463 785 513; x_wconf 88' lang='lat' dir='ltr'>Dis</span> <span class='ocrx_word' id='word_1_2' title='bbox 803 462 1021 527; x_wconf 84' lang='lat' dir='ltr'>philosophisehe</span> <span class='ocrx_word' id='word_1_3' title='bbox 1037 461 1165 513; x_wconf 53' lang='lat' dir='ltr'>facult&amp;</span> <span class='ocrx_word' id='word_1_4' title='bbox 1220 512 1223 520; x_wconf 80' lang='grc'><strong>,</strong></span> 
     </span>
    </p>
   </div>
   <div class='ocr_carea' id='block_1_2' title="bbox 659 693 1248 760">
    <p class='ocr_par' dir='ltr' id='par_1_2' title="bbox 659 693 1248 760">
     <span class='ocr_line' id='line_1_2' title="bbox 659 693 1248 760; baseline -0.003 -2"><span class='ocrx_word' id='word_1_5' title='bbox 659 693 747 760; x_wconf 88' lang='lat' dir='ltr'><strong>VIII.</strong></span> <span class='ocrx_word' id='word_1_6' title='bbox 771 711 1020 759; x_wconf 80' lang='lat' dir='ltr'>csrrrunun</span> <span class='ocrx_word' id='word_1_7' title='bbox 1042 710 1248 760; x_wconf 78' lang='lat' dir='ltr'>ocrsvon.</span> 
     </span>
    </p>
   </div>
   <div class='ocr_carea' id='block_1_3' title="bbox 308 843 1607 1030">
    <p class='ocr_par' dir='ltr' id='par_1_3' title="bbox 308 843 1607 1030">
     <span class='ocr_line' id='line_1_3' title="bbox 308 843 1607 935; baseline -0.003 -25"><span class='ocrx_word' id='word_1_8' title='bbox 308 846 474 911; x_wconf 84' lang='lat' dir='ltr'>Statuta</span> <span class='ocrx_word' id='word_1_9' title='bbox 496 843 795 932; x_wconf 80' lang='lat' dir='ltr'>subsequentia</span> <span class='ocrx_word' id='word_1_10' title='bbox 814 852 1067 909; x_wconf 80' lang='lat' dir='ltr'>concernunt</span> <span class='ocrx_word' id='word_1_11' title='bbox 1086 843 1308 935; x_wconf 82' lang='lat' dir='ltr'>lectiones,</span> <span class='ocrx_word' id='word_1_12' title='bbox 1339 844 1551 909; x_wconf 86' lang='lat' dir='ltr'>exercitia</span> <span class='ocrx_word' id='word_1_13' title='bbox 1570 853 1607 907; x_wconf 89' lang='lat' dir='ltr'>et</span> 
     </span>
     <span class='ocr_line' id='line_1_4' title="bbox 555 942 1346 1030; baseline -0.003 -22"><span class='ocrx_word' id='word_1_14' title='bbox 555 944 864 1030; x_wconf 88' lang='lat' dir='ltr'>resumpciones</span> <span class='ocrx_word' id='word_1_15' title='bbox 890 943 1089 1030; x_wconf 89' lang='lat' dir='ltr'>publicas</span> <span class='ocrx_word' id='word_1_16' title='bbox 1116 942 1346 1009; x_wconf 78' lang='lat' dir='ltr'>facultatis.</span> 
     </span>
    </p>
   </div>
   <div class='ocr_carea' id='block_1_4' title="bbox 478 1119 1434 1184">
    <p class='ocr_par' dir='ltr' id='par_1_4' title="bbox 478 1119 1434 1184">
     <span class='ocr_line' id='line_1_5' title="bbox 478 1119 1434 1184; baseline -0.002 -8"><span class='ocrx_word' id='word_1_17' title='bbox 478 1119 501 1176; x_wconf 87' lang='lat'>1.</span> <span class='ocrx_word' id='word_1_18' title='bbox 523 1127 641 1175; x_wconf 82' lang='lat' dir='ltr'>nonus</span> <span class='ocrx_word' id='word_1_19' title='bbox 662 1126 909 1173; x_wconf 80' lang='lat' dir='ltr'>nisrnmonnm</span> <span class='ocrx_word' id='word_1_20' title='bbox 930 1125 1123 1175; x_wconf 81' lang='lat' dir='ltr'>nncriouns</span> <span class='ocrx_word' id='word_1_21' title='bbox 1144 1126 1212 1174; x_wconf 78' lang='lat' dir='ltr'>rao</span> <span class='ocrx_word' id='word_1_22' title='bbox 1226 1125 1434 1184; x_wconf 23' lang='lat' dir='ltr'>fonnmsaio.</span> 
     </span>
    </p>
   </div>
   <div class='ocr_carea' id='block_1_5' title="bbox 205 1239 1729 2909">
    <p class='ocr_par' dir='ltr' id='par_1_5' title="bbox 205 1239 1662 1725">
     <span class='ocr_line' id='line_1_6' title="bbox 205 1239 1661 1329; baseline 0 -22"><span class='ocrx_word' id='word_1_23' title='bbox 205 1254 219 1307; x_wconf 82' lang='lat'><strong>5</strong></span> <span class='ocrx_word' id='word_1_24' title='bbox 330 1241 457 1324; x_wconf 83' lang='lat' dir='ltr'>Placet,</span> <span class='ocrx_word' id='word_1_25' title='bbox 484 1243 570 1328; x_wconf 93' lang='lat' dir='ltr'>quod</span> <span class='ocrx_word' id='word_1_26' title='bbox 596 1241 710 1307; x_wconf 89' lang='lat' dir='ltr'>modus</span> <span class='ocrx_word' id='word_1_27' title='bbox 741 1239 956 1305; x_wconf 88' lang='lat' dir='ltr'>distribuendi</span> <span class='ocrx_word' id='word_1_28' title='bbox 984 1240 1138 1306; x_wconf 85' lang='lat' dir='ltr'>lectiones</span> <span class='ocrx_word' id='word_1_29' title='bbox 1166 1263 1226 1327; x_wconf 91' lang='lat' dir='ltr'>pro</span> <span class='ocrx_word' id='word_1_30' title='bbox 1255 1241 1419 1307; x_wconf 87' lang='lat' dir='ltr'>ordinario</span> <span class='ocrx_word' id='word_1_31' title='bbox 1441 1241 1500 1306; x_wconf 86' lang='lat' dir='ltr'>fiet</span> <span class='ocrx_word' id='word_1_32' title='bbox 1518 1263 1580 1329; x_wconf 86' lang='lat' dir='ltr'>per</span> <span class='ocrx_word' id='word_1_33' title='bbox 1599 1264 1661 1307; x_wconf 88' lang='lat' dir='ltr'>sor·</span> 
     </span>
     <span class='ocr_line' id='line_1_7' title="bbox 245 1329 1662 1433; baseline 0.001 -28"><span class='ocrx_word' id='word_1_34' title='bbox 245 1350 324 1421; x_wconf 87' lang='lat' dir='ltr'>tem,</span> <span class='ocrx_word' id='word_1_35' title='bbox 352 1340 455 1406; x_wconf 88' lang='lat' dir='ltr'>donec</span> <span class='ocrx_word' id='word_1_36' title='bbox 481 1341 617 1406; x_wconf 87' lang='lat' dir='ltr'>facultas</span> <span class='ocrx_word' id='word_1_37' title='bbox 645 1338 734 1405; x_wconf 90' lang='lat' dir='ltr'>aliud</span> <span class='ocrx_word' id='word_1_38' title='bbox 760 1339 940 1433; x_wconf 82' lang='lat' dir='ltr'>decreverit</span> <span class='ocrx_word' id='word_1_39' title='bbox 970 1329 1173 1422; x_wconf 81' lang='lat' dir='ltr'>faciendum,</span> <span class='ocrx_word' id='word_1_40' title='bbox 1205 1341 1253 1404; x_wconf 88' lang='lat' dir='ltr'>sic</span> <span class='ocrx_word' id='word_1_41' title='bbox 1279 1339 1364 1426; x_wconf 87' lang='lat' dir='ltr'>quod</span> <span class='ocrx_word' id='word_1_42' title='bbox 1390 1341 1553 1427; x_wconf 85' lang='lat' dir='ltr'>recipiens</span> <span class='ocrx_word' id='word_1_43' title='bbox 1583 1341 1662 1406; x_wconf 90' lang='lat' dir='ltr'>ordi·</span> 
     </span>
     <span class='ocr_line' id='line_1_8' title="bbox 244 1438 1662 1527; baseline 0.001 -23"><span class='ocrx_word' id='word_1_44' title='bbox 244 1443 371 1504; x_wconf 88' lang='lat' dir='ltr'>narium</span> <span class='ocrx_word' id='word_1_45' title='bbox 393 1440 508 1505; x_wconf 91' lang='lat' dir='ltr'>habitu</span> <span class='ocrx_word' id='word_1_46' title='bbox 528 1438 708 1524; x_wconf 89' lang='lat' dir='ltr'>magistrali</span> <span class='ocrx_word' id='word_1_47' title='bbox 731 1461 804 1503; x_wconf 93' lang='lat' dir='ltr'>cum</span> <span class='ocrx_word' id='word_1_48' title='bbox 823 1440 919 1503; x_wconf 89' lang='lat' dir='ltr'>mitra</span> <span class='ocrx_word' id='word_1_49' title='bbox 939 1439 991 1503; x_wconf 88' lang='lat' dir='ltr'>vel</span> <span class='ocrx_word' id='word_1_50' title='bbox 1012 1439 1117 1504; x_wconf 86' lang='lat' dir='ltr'>bireto</span> <span class='ocrx_word' id='word_1_51' title='bbox 1139 1440 1180 1503; x_wconf 91' lang='lat' dir='ltr'>sit</span> <span class='ocrx_word' id='word_1_52' title='bbox 1204 1439 1335 1505; x_wconf 89' lang='lat' dir='ltr'>indutus</span> <span class='ocrx_word' id='word_1_53' title='bbox 1342 1487 1353 1521; x_wconf 92' lang='lat'>,</span> <span class='ocrx_word' id='word_1_54' title='bbox 1382 1449 1413 1503; x_wconf 92' lang='lat' dir='ltr'>et</span> <span class='ocrx_word' id='word_1_55' title='bbox 1438 1439 1529 1527; x_wconf 87' lang='lat' dir='ltr'>qnod</span> <span class='ocrx_word' id='word_1_56' title='bbox 1554 1462 1662 1506; x_wconf 83' lang='lat' dir='ltr'>omnes</span> 
     </span>
     <span class='ocr_line' id='line_1_9' title="bbox 245 1537 1662 1626; baseline 0.001 -24"><span class='ocrx_word' id='word_1_57' title='bbox 245 1538 319 1602; x_wconf 85' lang='lat' dir='ltr'>libri</span> <span class='ocrx_word' id='word_1_58' title='bbox 338 1560 397 1626; x_wconf 91' lang='lat' dir='ltr'>pro</span> <span class='ocrx_word' id='word_1_59' title='bbox 415 1539 571 1625; x_wconf 85' lang='lat' dir='ltr'>gradibus</span> <span class='ocrx_word' id='word_1_60' title='bbox 588 1548 653 1602; x_wconf 88' lang='lat' dir='ltr'>tarn</span> <span class='ocrx_word' id='word_1_61' title='bbox 670 1539 849 1623; x_wconf 85' lang='lat' dir='ltr'>magisterii</span> <span class='ocrx_word' id='word_1_62' title='bbox 872 1561 969 1624; x_wconf 90' lang='lat' dir='ltr'>quam</span> <span class='ocrx_word' id='word_1_63' title='bbox 986 1537 1225 1604; x_wconf 88' lang='lat' dir='ltr'>baccalariatus</span> <span class='ocrx_word' id='word_1_64' title='bbox 1248 1540 1398 1625; x_wconf 90' lang='lat' dir='ltr'>primitus</span> <span class='ocrx_word' id='word_1_65' title='bbox 1417 1537 1662 1621; x_wconf 77' lang='lat' dir='ltr'>distribuantur,</span> 
     </span>
     <span class='ocr_line' id='line_1_10' title="bbox 247 1636 1662 1725; baseline 0.001 -24"><span class='ocrx_word' id='word_1_66' title='bbox 247 1638 362 1725; x_wconf 89' lang='lat' dir='ltr'>quibus</span> <span class='ocrx_word' id='word_1_67' title='bbox 391 1638 433 1702; x_wconf 87' lang='lat' dir='ltr'>ad</span> <span class='ocrx_word' id='word_1_68' title='bbox 460 1638 590 1725; x_wconf 90' lang='lat' dir='ltr'>plenum</span> <span class='ocrx_word' id='word_1_69' title='bbox 618 1661 683 1702; x_wconf 94' lang='lat' dir='ltr'>non</span> <span class='ocrx_word' id='word_1_70' title='bbox 713 1636 911 1719; x_wconf 87' lang='lat' dir='ltr'>distributis,</span> <span class='ocrx_word' id='word_1_71' title='bbox 934 1660 998 1701; x_wconf 90' lang='lat' dir='ltr'>non</span> <span class='ocrx_word' id='word_1_72' title='bbox 1020 1638 1139 1724; x_wconf 89' lang='lat' dir='ltr'>poterit</span> <span class='ocrx_word' id='word_1_73' title='bbox 1169 1636 1286 1724; x_wconf 87' lang='lat' dir='ltr'>aliquis</span> <span class='ocrx_word' id='word_1_74' title='bbox 1312 1637 1548 1722; x_wconf 87' lang='lat' dir='ltr'>magistrorum</span> <span class='ocrx_word' id='word_1_75' title='bbox 1570 1637 1662 1703; x_wconf 87' lang='lat' dir='ltr'>aliam</span> 
     </span>
    </p>

    <p class='ocr_par' dir='ltr' id='par_1_6' title="bbox 208 1735 1729 2219">
     <span class='ocr_line' id='line_1_11' title="bbox 208 1735 1662 1824; baseline 0 -23"><span class='ocrx_word' id='word_1_76' title='bbox 208 1748 238 1801; x_wconf 87' lang='lat' dir='ltr'>Ic</span> <span class='ocrx_word' id='word_1_77' title='bbox 249 1747 343 1801; x_wconf 89' lang='lat' dir='ltr'>extra</span> <span class='ocrx_word' id='word_1_78' title='bbox 362 1738 442 1801; x_wconf 83' lang='lat' dir='ltr'>istas</span> <span class='ocrx_word' id='word_1_79' title='bbox 463 1738 625 1824; x_wconf 85' lang='lat' dir='ltr'>recipere3</span> <span class='ocrx_word' id='word_1_80' title='bbox 659 1735 716 1801; x_wconf 89' lang='lat' dir='ltr'>sed</span> <span class='ocrx_word' id='word_1_81' title='bbox 743 1743 914 1822; x_wconf 89' lang='lat' dir='ltr'>postquam</span> <span class='ocrx_word' id='word_1_82' title='bbox 944 1758 1054 1801; x_wconf 90' lang='lat' dir='ltr'>omnes</span> <span class='ocrx_word' id='word_1_83' title='bbox 1083 1745 1237 1822; x_wconf 88' lang='lat' dir='ltr'>receptae</span> <span class='ocrx_word' id='word_1_84' title='bbox 1263 1736 1399 1817; x_wconf 88' lang='lat' dir='ltr'>fuerint,</span> <span class='ocrx_word' id='word_1_85' title='bbox 1427 1745 1506 1801; x_wconf 90' lang='lat' dir='ltr'>tunc</span> <span class='ocrx_word' id='word_1_86' title='bbox 1529 1738 1603 1824; x_wconf 88' lang='lat' dir='ltr'>quis</span> <span class='ocrx_word' id='word_1_87' title='bbox 1626 1760 1662 1801; x_wconf 82' lang='lat' dir='ltr'>ex</span> 
     </span>
     <span class='ocr_line' id='line_1_12' title="bbox 244 1833 1662 1922; baseline 0.001 -23"><span class='ocrx_word' id='word_1_88' title='bbox 244 1834 392 1917; x_wconf 88' lang='lat' dir='ltr'>residuis,</span> <span class='ocrx_word' id='word_1_89' title='bbox 414 1840 639 1922; x_wconf 79' lang='lat' dir='ltr'>quamcunque</span> <span class='ocrx_word' id='word_1_90' title='bbox 662 1834 819 1916; x_wconf 89' lang='lat' dir='ltr'>voluerit,</span> <span class='ocrx_word' id='word_1_91' title='bbox 840 1836 984 1920; x_wconf 86' lang='lat' dir='ltr'>recipere</span> <span class='ocrx_word' id='word_1_92' title='bbox 1004 1837 1131 1922; x_wconf 86' lang='lat' dir='ltr'>poterit</span> <span class='ocrx_word' id='word_1_93' title='bbox 1173 1835 1220 1900; x_wconf 85' lang='lat' dir='ltr'>Et</span> <span class='ocrx_word' id='word_1_94' title='bbox 1237 1835 1291 1901; x_wconf 90' lang='lat' dir='ltr'>hic</span> <span class='ocrx_word' id='word_1_95' title='bbox 1312 1833 1662 1919; x_wconf 64' lang='lat' dir='ltr'>modusdntribuendi</span> 
     </span>
     <span class='ocr_line' id='line_1_13' title="bbox 247 1931 1729 2022; baseline 0.001 -23"><span class='ocrx_word' id='word_1_96' title='bbox 247 1944 392 2000; x_wconf 89' lang='lat' dir='ltr'>servetur</span> <span class='ocrx_word' id='word_1_97' title='bbox 413 1935 613 2012; x_wconf 84' lang='lat' dir='ltr'>uniformiter</span> <span class='ocrx_word' id='word_1_98' title='bbox 639 1944 705 1999; x_wconf 87' lang='lat' dir='ltr'>tam</span> <span class='ocrx_word' id='word_1_99' title='bbox 734 1956 796 2021; x_wconf 90' lang='lat' dir='ltr'>quo</span> <span class='ocrx_word' id='word_1_100' title='bbox 825 1931 869 1997; x_wconf 90' lang='lat' dir='ltr'>ad</span> <span class='ocrx_word' id='word_1_101' title='bbox 896 1933 1068 1999; x_wconf 88' lang='lat' dir='ltr'>hiemalem</span> <span class='ocrx_word' id='word_1_102' title='bbox 1094 1957 1194 2022; x_wconf 88' lang='lat' dir='ltr'>quam</span> <span class='ocrx_word' id='word_1_103' title='bbox 1220 1935 1324 2000; x_wconf 85' lang='lat' dir='ltr'>eciam</span> <span class='ocrx_word' id='word_1_104' title='bbox 1351 1933 1545 1999; x_wconf 87' lang='lat' dir='ltr'>aestivalem</span> <span class='ocrx_word' id='word_1_105' title='bbox 1564 1945 1660 2000; x_wconf 64' lang='lat' dir='ltr'>mute</span> <span class='ocrx_word' id='word_1_106' title='bbox 1725 1990 1729 2001; x_wconf 91' lang='lat'>.</span> 
     </span>
     <span class='ocr_line' id='line_1_14' title="bbox 246 2031 1662 2121; baseline 0 -23"><span class='ocrx_word' id='word_1_107' title='bbox 246 2036 386 2114; x_wconf 91' lang='lat' dir='ltr'>cionem,</span> <span class='ocrx_word' id='word_1_108' title='bbox 408 2057 473 2099; x_wconf 93' lang='lat' dir='ltr'>non</span> <span class='ocrx_word' id='word_1_109' title='bbox 495 2033 642 2099; x_wconf 90' lang='lat' dir='ltr'>obstante</span> <span class='ocrx_word' id='word_1_110' title='bbox 664 2034 795 2118; x_wconf 91' lang='lat' dir='ltr'>antiquo</span> <span class='ocrx_word' id='word_1_111' title='bbox 818 2041 937 2098; x_wconf 86' lang='lat' dir='ltr'>statuto</span> <span class='ocrx_word' id='word_1_112' title='bbox 966 2031 1061 2098; x_wconf 88' lang='lat' dir='ltr'>aliter</span> <span class='ocrx_word' id='word_1_113' title='bbox 1090 2033 1281 2121; x_wconf 81' lang='lat' dir='ltr'>disponente</span> <span class='ocrx_word' id='word_1_114' title='bbox 1301 2041 1364 2118; x_wconf 84' lang='lat' dir='ltr'>quo</span> <span class='ocrx_word' id='word_1_115' title='bbox 1389 2032 1438 2098; x_wconf 79' lang='lat' dir='ltr'>sd·</span> <span class='ocrx_word' id='word_1_116' title='bbox 1453 2035 1662 2100; x_wconf 83' lang='lat' dir='ltr'>mutationem</span> 
     </span>
     <span class='ocr_line' id='line_1_15' title="bbox 246 2130 1661 2219; baseline 0.001 -23"><span class='ocrx_word' id='word_1_117' title='bbox 246 2133 443 2197; x_wconf 89' lang='lat' dir='ltr'>aestivalem.</span> <span class='ocrx_word' id='word_1_118' title='bbox 485 2133 529 2197; x_wconf 86' lang='lat' dir='ltr'>Et</span> <span class='ocrx_word' id='word_1_119' title='bbox 542 2133 681 2218; x_wconf 89' lang='lat' dir='ltr'>recipiat</span> <span class='ocrx_word' id='word_1_120' title='bbox 695 2130 829 2219; x_wconf 89' lang='lat' dir='ltr'>quilibet</span> <span class='ocrx_word' id='word_1_121' title='bbox 843 2133 1082 2216; x_wconf 85' lang='lat' dir='ltr'>magistrorum,</span> <span class='ocrx_word' id='word_1_122' title='bbox 1100 2133 1276 2218; x_wconf 87' lang='lat' dir='ltr'>praecipue</span> <span class='ocrx_word' id='word_1_123' title='bbox 1296 2153 1391 2219; x_wconf 89' lang='lat' dir='ltr'>quem</span> <span class='ocrx_word' id='word_1_124' title='bbox 1412 2131 1493 2197; x_wconf 87' lang='lat' dir='ltr'>ordo</span> <span class='ocrx_word' id='word_1_125' title='bbox 1515 2133 1661 2218; x_wconf 74' lang='lat' dir='ltr'>tetigerit,</span> 
     </span>
    </p>

    <p class='ocr_par' dir='ltr' id='par_1_7' title="bbox 208 2228 1661 2713">
     <span class='ocr_line' id='line_1_16' title="bbox 208 2228 1660 2318; baseline 0.001 -23"><span class='ocrx_word' id='word_1_126' title='bbox 208 2231 414 2296; x_wconf 77' lang='lat' dir='ltr'>Itlectionem</span> <span class='ocrx_word' id='word_1_127' title='bbox 441 2254 500 2318; x_wconf 91' lang='lat' dir='ltr'>pro</span> <span class='ocrx_word' id='word_1_128' title='bbox 528 2230 634 2317; x_wconf 86' lang='lat' dir='ltr'>gradu</span> <span class='ocrx_word' id='word_1_129' title='bbox 664 2241 696 2295; x_wconf 87' lang='lat' dir='ltr'>et</span> <span class='ocrx_word' id='word_1_130' title='bbox 723 2238 798 2295; x_wconf 89' lang='lat' dir='ltr'>ante</span> <span class='ocrx_word' id='word_1_131' title='bbox 826 2229 923 2295; x_wconf 86' lang='lat' dir='ltr'>finem</span> <span class='ocrx_word' id='word_1_132' title='bbox 950 2228 1191 2296; x_wconf 70' lang='lat' dir='ltr'>distributionis</span> <span class='ocrx_word' id='word_1_133' title='bbox 1220 2230 1397 2295; x_wconf 87' lang='lat' dir='ltr'>earundem</span> <span class='ocrx_word' id='word_1_134' title='bbox 1425 2254 1485 2318; x_wconf 91' lang='lat' dir='ltr'>pro</span> <span class='ocrx_word' id='word_1_135' title='bbox 1507 2230 1660 2316; x_wconf 84' lang='lat' dir='ltr'>gradibus</span> 
     </span>
     <span class='ocr_line' id='line_1_17' title="bbox 246 2329 1661 2418; baseline 0.001 -25"><span class='ocrx_word' id='word_1_136' title='bbox 246 2352 310 2395; x_wconf 92' lang='lat' dir='ltr'>non</span> <span class='ocrx_word' id='word_1_137' title='bbox 341 2330 450 2412; x_wconf 90' lang='lat' dir='ltr'>cedat,</span> <span class='ocrx_word' id='word_1_138' title='bbox 479 2329 537 2395; x_wconf 87' lang='lat' dir='ltr'>sed</span> <span class='ocrx_word' id='word_1_139' title='bbox 563 2331 597 2394; x_wconf 93' lang='lat' dir='ltr'>in</span> <span class='ocrx_word' id='word_1_140' title='bbox 627 2329 741 2394; x_wconf 89' lang='lat' dir='ltr'>ordine</span> <span class='ocrx_word' id='word_1_141' title='bbox 770 2351 828 2394; x_wconf 91' lang='lat' dir='ltr'>suo</span> <span class='ocrx_word' id='word_1_142' title='bbox 857 2329 969 2395; x_wconf 88' lang='lat' dir='ltr'>sedere</span> <span class='ocrx_word' id='word_1_143' title='bbox 991 2340 1137 2412; x_wconf 89' lang='lat' dir='ltr'>maneat,</span> <span class='ocrx_word' id='word_1_144' title='bbox 1167 2329 1226 2396; x_wconf 92' lang='lat' dir='ltr'>sub</span> <span class='ocrx_word' id='word_1_145' title='bbox 1239 2389 1241 2392; x_wconf 91' lang='lat'><em>.</em></span> <span class='ocrx_word' id='word_1_146' title='bbox 1256 2354 1362 2418; x_wconf 89' lang='lat' dir='ltr'>poena</span> <span class='ocrx_word' id='word_1_147' title='bbox 1388 2331 1562 2399; x_wconf 84' lang='lat' dir='ltr'>carenciae</span> <span class='ocrx_word' id='word_1_148' title='bbox 1580 2341 1661 2396; x_wconf 88' lang='lat' dir='ltr'>actu·</span> 
     </span>
     <span class='ocr_line' id='line_1_18' title="bbox 248 2427 1659 2518; baseline 0.004 -26"><span class='ocrx_word' id='word_1_149' title='bbox 248 2430 418 2514; x_wconf 85' lang='lat' dir='ltr'>regenciae</span> <span class='ocrx_word' id='word_1_150' title='bbox 437 2427 481 2492; x_wconf 90' lang='lat' dir='ltr'>ad</span> <span class='ocrx_word' id='word_1_151' title='bbox 495 2427 636 2494; x_wconf 90' lang='lat' dir='ltr'>medinm</span> <span class='ocrx_word' id='word_1_152' title='bbox 656 2451 785 2494; x_wconf 90' lang='lat' dir='ltr'>annum.</span> <span class='ocrx_word' id='word_1_153' title='bbox 827 2427 956 2493; x_wconf 90' lang='lat' dir='ltr'>Placuit</span> <span class='ocrx_word' id='word_1_154' title='bbox 978 2429 1089 2511; x_wconf 91' lang='lat' dir='ltr'>eciam,</span> <span class='ocrx_word' id='word_1_155' title='bbox 1110 2428 1197 2515; x_wconf 90' lang='lat' dir='ltr'>quod</span> <span class='ocrx_word' id='word_1_156' title='bbox 1218 2429 1372 2518; x_wconf 84' lang='lat' dir='ltr'>deinceps</span> <span class='ocrx_word' id='word_1_157' title='bbox 1394 2452 1505 2496; x_wconf 87' lang='lat' dir='ltr'>omnes</span> <span class='ocrx_word' id='word_1_158' title='bbox 1529 2440 1659 2517; x_wconf 82' lang='lat' dir='ltr'>quatuor</span> 
     </span>
     <span class='ocr_line' id='line_1_19' title="bbox 247 2524 1660 2614; baseline 0.003 -24"><span class='ocrx_word' id='word_1_159' title='bbox 247 2526 323 2592; x_wconf 90' lang='lat' dir='ltr'>libri</span> <span class='ocrx_word' id='word_1_160' title='bbox 344 2527 504 2614; x_wconf 86' lang='lat' dir='ltr'>parciales</span> <span class='ocrx_word' id='word_1_161' title='bbox 525 2550 699 2613; x_wconf 90' lang='lat' dir='ltr'>parvorum</span> <span class='ocrx_word' id='word_1_162' title='bbox 721 2524 800 2614; x_wconf 72' lang='lat'>[13¹]</span> <span class='ocrx_word' id='word_1_163' title='bbox 816 2526 1020 2609; x_wconf 82' lang='lat' dir='ltr'>naturalium,</span> <span class='ocrx_word' id='word_1_164' title='bbox 1040 2530 1080 2592; x_wconf 78' lang='lat' dir='ltr'>&#39;ut</span> <span class='ocrx_word' id='word_1_165' title='bbox 1099 2528 1140 2593; x_wconf 90' lang='lat' dir='ltr'>de</span> <span class='ocrx_word' id='word_1_166' title='bbox 1161 2549 1259 2593; x_wconf 88' lang='lat' dir='ltr'>sensu</span> <span class='ocrx_word' id='word_1_167' title='bbox 1279 2539 1311 2594; x_wconf 91' lang='lat' dir='ltr'>et</span> <span class='ocrx_word' id='word_1_168' title='bbox 1335 2538 1477 2612; x_wconf 85' lang='lat' dir='ltr'>sensato,</span> <span class='ocrx_word' id='word_1_169' title='bbox 1499 2529 1541 2594; x_wconf 90' lang='lat' dir='ltr'>de</span> <span class='ocrx_word' id='word_1_170' title='bbox 1556 2551 1660 2595; x_wconf 86' lang='lat' dir='ltr'>somno</span> 
     </span>
     <span class='ocr_line' id='line_1_20' title="bbox 247 2625 1660 2713; baseline 0.002 -23"><span class='ocrx_word' id='word_1_171' title='bbox 247 2636 278 2690; x_wconf 90' lang='lat' dir='ltr'>et</span> <span class='ocrx_word' id='word_1_172' title='bbox 305 2627 436 2712; x_wconf 86' lang='lat' dir='ltr'>vigilia,</span> <span class='ocrx_word' id='word_1_173' title='bbox 458 2625 499 2690; x_wconf 91' lang='lat' dir='ltr'>de</span> <span class='ocrx_word' id='word_1_174' title='bbox 527 2627 680 2690; x_wconf 91' lang='lat' dir='ltr'>memoria</span> <span class='ocrx_word' id='word_1_175' title='bbox 707 2637 738 2691; x_wconf 90' lang='lat' dir='ltr'>et</span> <span class='ocrx_word' id='word_1_176' title='bbox 764 2627 1027 2708; x_wconf 88' lang='lat' dir='ltr'>reminiscencia,</span> <span class='ocrx_word' id='word_1_177' title='bbox 1050 2625 1090 2691; x_wconf 91' lang='lat' dir='ltr'>de</span> <span class='ocrx_word' id='word_1_178' title='bbox 1111 2625 1312 2713; x_wconf 89' lang='lat' dir='ltr'>longitudine</span> <span class='ocrx_word' id='word_1_179' title='bbox 1333 2637 1365 2692; x_wconf 90' lang='lat' dir='ltr'>et</span> <span class='ocrx_word' id='word_1_180' title='bbox 1385 2628 1557 2710; x_wconf 71' lang='lat' dir='ltr'>breuitate·</span> <span class='ocrx_word' id='word_1_181' title='bbox 1571 2629 1660 2710; x_wconf 81' lang='lat' dir='ltr'>vitae,</span> 
     </span>
    </p>

    <p class='ocr_par' dir='ltr' id='par_1_8' title="bbox 206 2723 1661 2909">
     <span class='ocr_line' id='line_1_21' title="bbox 206 2723 1661 2814; baseline 0.001 -24"><span class='ocrx_word' id='word_1_182' title='bbox 206 2736 239 2790; x_wconf 84' lang='lat'>20</span> <span class='ocrx_word' id='word_1_183' title='bbox 249 2736 381 2812; x_wconf 88' lang='lat' dir='ltr'>propter</span> <span class='ocrx_word' id='word_1_184' title='bbox 412 2724 637 2790; x_wconf 89' lang='lat' dir='ltr'>comoditatem</span> <span class='ocrx_word' id='word_1_185' title='bbox 668 2723 822 2790; x_wconf 87' lang='lat' dir='ltr'>audiendi</span> <span class='ocrx_word' id='word_1_186' title='bbox 853 2723 984 2789; x_wconf 90' lang='lat' dir='ltr'>eosdem</span> <span class='ocrx_word' id='word_1_187' title='bbox 1019 2726 1103 2789; x_wconf 90' lang='lat' dir='ltr'>inter</span> <span class='ocrx_word' id='word_1_188' title='bbox 1137 2727 1309 2812; x_wconf 88' lang='lat' dir='ltr'>magistros</span> <span class='ocrx_word' id='word_1_189' title='bbox 1337 2750 1400 2814; x_wconf 90' lang='lat' dir='ltr'>pro</span> <span class='ocrx_word' id='word_1_190' title='bbox 1431 2739 1500 2793; x_wconf 85' lang='lat' dir='ltr'>una</span> <span class='ocrx_word' id='word_1_191' title='bbox 1530 2726 1661 2794; x_wconf 83' lang='lat' dir='ltr'>lectione</span> 
     </span>
     <span class='ocr_line' id='line_1_22' title="bbox 248 2822 1312 2909; baseline -0.002 -20"><span class='ocrx_word' id='word_1_192' title='bbox 248 2824 498 2906; x_wconf 69' lang='lat' dir='ltr'>distribuantur,</span> <span class='ocrx_word' id='word_1_193' title='bbox 527 2832 559 2886; x_wconf 94' lang='lat' dir='ltr'>et</span> <span class='ocrx_word' id='word_1_194' title='bbox 577 2825 619 2887; x_wconf 88' lang='lat' dir='ltr'>sit</span> <span class='ocrx_word' id='word_1_195' title='bbox 640 2823 728 2888; x_wconf 88' lang='lat' dir='ltr'>dicta</span> <span class='ocrx_word' id='word_1_196' title='bbox 749 2822 864 2905; x_wconf 90' lang='lat' dir='ltr'>„lectio</span> <span class='ocrx_word' id='word_1_197' title='bbox 886 2844 1064 2909; x_wconf 87' lang='lat' dir='ltr'>parvorum</span> <span class='ocrx_word' id='word_1_198' title='bbox 1084 2822 1312 2888; x_wconf 79' lang='lat' dir='ltr'>naunalium.“</span> 
     </span>
    </p>
   </div>
   <div class='ocr_carea' id='block_1_6' title="bbox 198 2996 1604 3079">
    <p class='ocr_par' dir='ltr' id='par_1_9' title="bbox 198 2996 1604 3079">
     <span class='ocr_line' id='line_1_23' title="bbox 198 2996 1604 3079; baseline 0 -23"><span class='ocrx_word' id='word_1_199' title='bbox 198 3060 200 3065; x_wconf 62' lang='grc'><strong>,</strong></span> <span class='ocrx_word' id='word_1_200' title='bbox 309 2996 337 3056; x_wconf 78' lang='lat'>2.</span> <span class='ocrx_word' id='word_1_201' title='bbox 358 3006 452 3067; x_wconf 73' lang='lat' dir='ltr'>Quor</span> <span class='ocrx_word' id='word_1_202' title='bbox 471 3006 672 3071; x_wconf 68' lang='lat' dir='ltr'>cucurbitae,</span> <span class='ocrx_word' id='word_1_203' title='bbox 693 3004 879 3053; x_wconf 77' lang='lat' dir='ltr'><strong>EXERCI&#39;I&#39;IA</strong></span> <span class='ocrx_word' id='word_1_204' title='bbox 899 3005 968 3053; x_wconf 81' lang='lat' dir='ltr'>AU&#39;l&#39;</span> <span class='ocrx_word' id='word_1_205' title='bbox 989 3004 1253 3079; x_wconf 71' lang='lat' dir='ltr'>RESUMPTIOIOES</span> <span class='ocrx_word' id='word_1_206' title='bbox 1275 3007 1345 3057; x_wconf 79' lang='lat' dir='ltr'>UNA</span> <span class='ocrx_word' id='word_1_207' title='bbox 1365 3006 1445 3056; x_wconf 76' lang='lat' dir='ltr'><strong>VIGP.</strong></span> <span class='ocrx_word' id='word_1_208' title='bbox 1465 3008 1604 3059; x_wconf 74' lang='lat' dir='ltr'>muns</span> 
     </span>
    </p>
   </div>
   <div class='ocr_carea' id='block_1_7' title="bbox 821 3103 1087 3163">
    <p class='ocr_par' dir='ltr' id='par_1_10' title="bbox 821 3103 1087 3163">
     <span class='ocr_line' id='line_1_24' title="bbox 821 3103 1087 3163; baseline -0.008 -12"><span class='ocrx_word' id='word_1_209' title='bbox 821 3103 899 3163; x_wconf 81' lang='lat' dir='ltr'><strong>QUIS</strong></span> <span class='ocrx_word' id='word_1_210' title='bbox 925 3104 1087 3152; x_wconf 80' lang='lat' dir='ltr'><strong>POTERI&#39;I&#39;.</strong></span> 
     </span>
    </p>
   </div>
   <div class='ocr_carea' id='block_1_8' title="bbox 208 3213 1659 3502">
    <p class='ocr_par' dir='ltr' id='par_1_11' title="bbox 208 3213 1659 3502">
     <span class='ocr_line' id='line_1_25' title="bbox 330 3213 1658 3307; baseline 0.001 -23"><span class='ocrx_word' id='word_1_211' title='bbox 330 3218 460 3302; x_wconf 90' lang='lat' dir='ltr'>Placet,</span> <span class='ocrx_word' id='word_1_212' title='bbox 482 3218 568 3307; x_wconf 93' lang='lat' dir='ltr'>quod</span> <span class='ocrx_word' id='word_1_213' title='bbox 596 3213 730 3305; x_wconf 87' lang='lat' dir='ltr'>quilibet</span> <span class='ocrx_word' id='word_1_214' title='bbox 758 3219 986 3305; x_wconf 89' lang='lat' dir='ltr'>magistrorum</span> <span class='ocrx_word' id='word_1_215' title='bbox 1010 3219 1107 3285; x_wconf 90' lang='lat' dir='ltr'>unica</span> <span class='ocrx_word' id='word_1_216' title='bbox 1131 3219 1267 3287; x_wconf 90' lang='lat' dir='ltr'>lectione</span> <span class='ocrx_word' id='word_1_217' title='bbox 1293 3229 1325 3286; x_wconf 91' lang='lat' dir='ltr'>et</span> <span class='ocrx_word' id='word_1_218' title='bbox 1351 3244 1416 3287; x_wconf 91' lang='lat' dir='ltr'>uno</span> <span class='ocrx_word' id='word_1_219' title='bbox 1437 3222 1595 3286; x_wconf 85' lang='lat' dir='ltr'>exercitio</span> <span class='ocrx_word' id='word_1_220' title='bbox 1623 3243 1658 3285; x_wconf 88' lang='lat' dir='ltr'>ac</span> 
     </span>
     <span class='ocr_line' id='line_1_26' title="bbox 208 3318 1659 3408; baseline -0.001 -23"><span class='ocrx_word' id='word_1_221' title='bbox 208 3320 345 3385; x_wconf 83' lang='lat' dir='ltr'>25unica</span> <span class='ocrx_word' id='word_1_222' title='bbox 367 3318 497 3406; x_wconf 91' lang='lat' dir='ltr'>publica</span> <span class='ocrx_word' id='word_1_223' title='bbox 517 3319 735 3404; x_wconf 86' lang='lat' dir='ltr'>resumptione</span> <span class='ocrx_word' id='word_1_224' title='bbox 755 3340 819 3383; x_wconf 90' lang='lat' dir='ltr'>una</span> <span class='ocrx_word' id='word_1_225' title='bbox 840 3319 911 3381; x_wconf 89' lang='lat' dir='ltr'>vice</span> <span class='ocrx_word' id='word_1_226' title='bbox 938 3319 981 3381; x_wconf 89' lang='lat' dir='ltr'>sit</span> <span class='ocrx_word' id='word_1_227' title='bbox 1008 3327 1191 3404; x_wconf 88' lang='lat' dir='ltr'>contentus,</span> <span class='ocrx_word' id='word_1_228' title='bbox 1212 3319 1273 3387; x_wconf 89' lang='lat' dir='ltr'>sub</span> <span class='ocrx_word' id='word_1_229' title='bbox 1301 3320 1390 3386; x_wconf 90' lang='lat' dir='ltr'>horis</span> <span class='ocrx_word' id='word_1_230' title='bbox 1411 3329 1522 3386; x_wconf 89' lang='lat' dir='ltr'>tamen</span> <span class='ocrx_word' id='word_1_231' title='bbox 1543 3344 1600 3408; x_wconf 89' lang='lat' dir='ltr'>per</span> <span class='ocrx_word' id='word_1_232' title='bbox 1619 3321 1659 3385; x_wconf 87' lang='lat' dir='ltr'>fa·</span> 
     </span>
     <span class='ocr_line' id='line_1_27' title="bbox 250 3416 994 3502; baseline -0.001 -21"><span class='ocrx_word' id='word_1_233' title='bbox 250 3418 400 3482; x_wconf 90' lang='lat' dir='ltr'>cultatem</span> <span class='ocrx_word' id='word_1_234' title='bbox 422 3421 545 3483; x_wconf 90' lang='lat' dir='ltr'>arcium</span> <span class='ocrx_word' id='word_1_235' title='bbox 565 3417 607 3481; x_wconf 92' lang='lat' dir='ltr'>ad</span> <span class='ocrx_word' id='word_1_236' title='bbox 628 3416 687 3481; x_wconf 87' lang='lat' dir='ltr'>hos</span> <span class='ocrx_word' id='word_1_237' title='bbox 707 3427 800 3481; x_wconf 88' lang='lat' dir='ltr'>actus</span> <span class='ocrx_word' id='word_1_238' title='bbox 822 3416 994 3502; x_wconf 88' lang='lat' dir='ltr'>deputatis.</span> 
     </span>
    </p>
   </div>
   <div class='ocr_carea' id='block_1_9' title="bbox 414 3590 1501 3658">
    <p class='ocr_par' dir='ltr' id='par_1_12' title="bbox 414 3590 1501 3658">
     <span class='ocr_line' id='line_1_28' title="bbox 414 3590 1501 3658; baseline 0.006 -13"><span class='ocrx_word' id='word_1_239' title='bbox 414 3590 440 3649; x_wconf 88' lang='grc'>3.</span> <span class='ocrx_word' id='word_1_240' title='bbox 463 3598 606 3658; x_wconf 78' lang='lat' dir='ltr'><strong>QUANDO</strong></span> <span class='ocrx_word' id='word_1_241' title='bbox 628 3598 820 3646; x_wconf 70' lang='lat' dir='ltr'>anemonas</span> <span class='ocrx_word' id='word_1_242' title='bbox 840 3599 908 3648; x_wconf 84' lang='lat' dir='ltr'>PRO</span> <span class='ocrx_word' id='word_1_243' title='bbox 931 3598 1048 3649; x_wconf 80' lang='lat' dir='ltr'>GRADU</span> <span class='ocrx_word' id='word_1_244' title='bbox 1069 3601 1141 3649; x_wconf 82' lang='lat' dir='ltr'>NON</span> <span class='ocrx_word' id='word_1_245' title='bbox 1161 3602 1301 3650; x_wconf 78' lang='lat' dir='ltr'>DEBENT</span> <span class='ocrx_word' id='word_1_246' title='bbox 1324 3601 1501 3658; x_wconf 65' lang='lat' dir='ltr'><strong>INCHOARI.</strong></span> 
     </span>
    </p>
   </div>
   <div class='ocr_carea' id='block_1_10' title="bbox 207 3713 1660 4099">
    <p class='ocr_par' dir='ltr' id='par_1_13' title="bbox 332 3713 1658 3806">
     <span class='ocr_line' id='line_1_29' title="bbox 332 3713 1658 3806; baseline 0.003 -28"><span class='ocrx_word' id='word_1_247' title='bbox 332 3713 448 3779; x_wconf 90' lang='lat' dir='ltr'>Nullus</span> <span class='ocrx_word' id='word_1_248' title='bbox 465 3716 692 3801; x_wconf 86' lang='lat' dir='ltr'>magistrorum</span> <span class='ocrx_word' id='word_1_249' title='bbox 714 3715 850 3800; x_wconf 89' lang='lat' dir='ltr'>incipiat</span> <span class='ocrx_word' id='word_1_250' title='bbox 867 3713 974 3800; x_wconf 89' lang='lat' dir='ltr'>legere</span> <span class='ocrx_word' id='word_1_251' title='bbox 990 3713 1130 3803; x_wconf 92' lang='lat' dir='ltr'>aliquem</span> <span class='ocrx_word' id='word_1_252' title='bbox 1146 3716 1266 3797; x_wconf 90' lang='lat' dir='ltr'>librum</span> <span class='ocrx_word' id='word_1_253' title='bbox 1289 3718 1332 3783; x_wconf 90' lang='lat' dir='ltr'>ad</span> <span class='ocrx_word' id='word_1_254' title='bbox 1357 3718 1500 3804; x_wconf 89' lang='lat' dir='ltr'>gradum</span> <span class='ocrx_word' id='word_1_255' title='bbox 1520 3728 1658 3806; x_wconf 87' lang='lat' dir='ltr'>spectan·</span> 
     </span>
    </p>

    <p class='ocr_par' dir='ltr' id='par_1_14' title="bbox 253 3811 1659 3904">
     <span class='ocr_line' id='line_1_30' title="bbox 253 3811 1659 3904; baseline 0.005 -27"><span class='ocrx_word' id='word_1_256' title='bbox 253 3824 314 3878; x_wconf 87' lang='lat' dir='ltr'>tem</span> <span class='ocrx_word' id='word_1_257' title='bbox 332 3823 407 3879; x_wconf 88' lang='lat' dir='ltr'>ante</span> <span class='ocrx_word' id='word_1_258' title='bbox 428 3815 544 3878; x_wconf 89' lang='lat' dir='ltr'>festum</span> <span class='ocrx_word' id='word_1_259' title='bbox 561 3811 694 3898; x_wconf 84' lang='lat' dir='ltr'>Georgii</span> <span class='ocrx_word' id='word_1_260' title='bbox 716 3823 772 3878; x_wconf 91' lang='lat' dir='ltr'>aut</span> <span class='ocrx_word' id='word_1_261' title='bbox 790 3812 887 3896; x_wconf 80' lang='lat' dir='ltr'>Galli,</span> <span class='ocrx_word' id='word_1_262' title='bbox 909 3814 972 3877; x_wconf 91' lang='lat' dir='ltr'>nisi</span> <span class='ocrx_word' id='word_1_263' title='bbox 994 3816 1084 3880; x_wconf 92' lang='lat' dir='ltr'>cuius</span> <span class='ocrx_word' id='word_1_264' title='bbox 1104 3816 1310 3882; x_wconf 90' lang='lat' dir='ltr'>medietatem</span> <span class='ocrx_word' id='word_1_265' title='bbox 1330 3815 1469 3904; x_wconf 84' lang='lat' dir='ltr'>legendo</span> <span class='ocrx_word' id='word_1_266' title='bbox 1490 3817 1659 3885; x_wconf 87' lang='lat' dir='ltr'>secundum</span> 
     </span>
    </p>

    <p class='ocr_par' dir='ltr' id='par_1_15' title="bbox 207 3912 1660 4099">
     <span class='ocr_line' id='line_1_31' title="bbox 207 3912 1660 4003; baseline 0.002 -26"><span class='ocrx_word' id='word_1_267' title='bbox 207 3922 241 3977; x_wconf 82' lang='lat'>30</span> <span class='ocrx_word' id='word_1_268' title='bbox 252 3921 372 3976; x_wconf 88' lang='lat' dir='ltr'>statuta</span> <span class='ocrx_word' id='word_1_269' title='bbox 397 3912 559 3977; x_wconf 87' lang='lat' dir='ltr'>facultatis</span> <span class='ocrx_word' id='word_1_270' title='bbox 591 3914 692 3997; x_wconf 88' lang='lat' dir='ltr'>possit</span> <span class='ocrx_word' id='word_1_271' title='bbox 720 3913 813 3976; x_wconf 88' lang='lat' dir='ltr'>finire</span> <span class='ocrx_word' id='word_1_272' title='bbox 841 3922 915 3977; x_wconf 91' lang='lat' dir='ltr'>ante</span> <span class='ocrx_word' id='word_1_273' title='bbox 942 3913 1026 3978; x_wconf 90' lang='lat' dir='ltr'>festa</span> <span class='ocrx_word' id='word_1_274' title='bbox 1051 3915 1236 4001; x_wconf 86' lang='lat' dir='ltr'>praedicta,</span> <span class='ocrx_word' id='word_1_275' title='bbox 1265 3915 1323 3981; x_wconf 87' lang='lat' dir='ltr'>sed</span> <span class='ocrx_word' id='word_1_276' title='bbox 1350 3927 1544 4003; x_wconf 83' lang='lat' dir='ltr'>exspectare</span> <span class='ocrx_word' id='word_1_277' title='bbox 1571 3916 1660 3982; x_wconf 88' lang='lat' dir='ltr'>debet</span> 
     </span>
     <span class='ocr_line' id='line_1_32' title="bbox 251 4010 1074 4099; baseline 0.001 -24"><span class='ocrx_word' id='word_1_278' title='bbox 251 4021 378 4098; x_wconf 88' lang='lat' dir='ltr'>tempus</span> <span class='ocrx_word' id='word_1_279' title='bbox 400 4012 575 4099; x_wconf 89' lang='lat' dir='ltr'>incipiendi</span> <span class='ocrx_word' id='word_1_280' title='bbox 596 4033 654 4098; x_wconf 88' lang='lat' dir='ltr'>per</span> <span class='ocrx_word' id='word_1_281' title='bbox 673 4010 857 4076; x_wconf 88' lang='lat' dir='ltr'>facultatem</span> <span class='ocrx_word' id='word_1_282' title='bbox 880 4012 1074 4078; x_wconf 88' lang='lat' dir='ltr'>ordinatum.</span> 
     </span>
    </p>
   </div>
   <div class='ocr_carea' id='block_1_11' title="bbox 249 4173 1660 4343">
    <p class='ocr_par' dir='ltr' id='par_1_16' title="bbox 249 4173 1660 4343">
     <span class='ocr_line' id='line_1_33' title="bbox 249 4173 1660 4264; baseline 0.001 -22"><span class='ocrx_word' id='word_1_283' title='bbox 249 4184 278 4243; x_wconf 80' lang='grc'>4.</span> <span class='ocrx_word' id='word_1_284' title='bbox 306 4196 352 4242; x_wconf 78' lang='grc' dir='ltr'>ΒΕ</span> <span class='ocrx_word' id='word_1_285' title='bbox 373 4193 636 4243; x_wconf 74' lang='lat' dir='ltr'><strong>ACTUREGENOIA</strong></span> <span class='ocrx_word' id='word_1_286' title='bbox 660 4195 705 4240; x_wconf 84' lang='grc' dir='ltr'>ΕΤ</span> <span class='ocrx_word' id='word_1_287' title='bbox 732 4195 874 4254; x_wconf 74' lang='lat' dir='ltr'><strong>QUANDO</strong></span> <span class='ocrx_word' id='word_1_288' title='bbox 896 4195 1089 4244; x_wconf 66' lang='lat' dir='ltr'>ascalonus</span> <span class='ocrx_word' id='word_1_289' title='bbox 1104 4196 1278 4244; x_wconf 45' lang='lat' dir='ltr'>*aarum</span> <span class='ocrx_word' id='word_1_290' title='bbox 1300 4173 1482 4264; x_wconf 72' lang='lat' dir='ltr'>meracam,</span> <span class='ocrx_word' id='word_1_291' title='bbox 1504 4199 1563 4247; x_wconf 85' lang='lat' dir='ltr'>UBI</span> <span class='ocrx_word' id='word_1_292' title='bbox 1584 4197 1660 4246; x_wconf 69' lang='lat' dir='ltr'>nuci</span> 
     </span>
     <span class='ocr_line' id='line_1_34' title="bbox 807 4294 1102 4343; baseline 0 -3"><span class='ocrx_word' id='word_1_293' title='bbox 807 4295 852 4341; x_wconf 83' lang='grc' dir='ltr'>ΕΤ</span> <span class='ocrx_word' id='word_1_294' title='bbox 881 4294 1102 4343; x_wconf 70' lang='lat' dir='ltr'>commitam.</span> 
     </span>
    </p>
   </div>
   <div class='ocr_carea' id='block_1_12' title="bbox 208 4408 1660 5194">
    <p class='ocr_par' dir='ltr' id='par_1_17' title="bbox 333 4408 1659 4497">
     <span class='ocr_line' id='line_1_35' title="bbox 333 4408 1659 4497; baseline 0.003 -24"><span class='ocrx_word' id='word_1_295' title='bbox 333 4408 477 4488; x_wconf 79' lang='lat' dir='ltr'>Quilibet</span> <span class='ocrx_word' id='word_1_296' title='bbox 498 4409 743 4494; x_wconf 86' lang='lat' dir='ltr'>magistrorum,</span> <span class='ocrx_word' id='word_1_297' title='bbox 765 4409 875 4475; x_wconf 88' lang='lat' dir='ltr'>volens</span> <span class='ocrx_word' id='word_1_298' title='bbox 896 4431 967 4473; x_wconf 88' lang='lat' dir='ltr'>esse</span> <span class='ocrx_word' id='word_1_299' title='bbox 988 4418 1195 4496; x_wconf 81' lang='lat' dir='ltr'>acunegens,</span> <span class='ocrx_word' id='word_1_300' title='bbox 1217 4408 1313 4475; x_wconf 88' lang='lat' dir='ltr'>debet</span> <span class='ocrx_word' id='word_1_301' title='bbox 1333 4410 1478 4497; x_wconf 88' lang='lat' dir='ltr'>incipere</span> <span class='ocrx_word' id='word_1_302' title='bbox 1502 4434 1595 4477; x_wconf 88' lang='lat' dir='ltr'>suum</span> <span class='ocrx_word' id='word_1_303' title='bbox 1615 4433 1659 4476; x_wconf 88' lang='lat' dir='ltr'>or·</span> 
     </span>
    </p>

    <p class='ocr_par' dir='ltr' id='par_1_18' title="bbox 208 4507 1660 5194">
     <span class='ocr_line' id='line_1_36' title="bbox 208 4507 1658 4594; baseline 0.002 -21"><span class='ocrx_word' id='word_1_304' title='bbox 208 4516 240 4573; x_wconf 82' lang='lat'>35</span> <span class='ocrx_word' id='word_1_305' title='bbox 250 4507 411 4572; x_wconf 89' lang='lat' dir='ltr'>dinarium</span> <span class='ocrx_word' id='word_1_306' title='bbox 428 4507 598 4573; x_wconf 86' lang='lat' dir='ltr'>hiemalem</span> <span class='ocrx_word' id='word_1_307' title='bbox 612 4507 708 4594; x_wconf 92' lang='lat' dir='ltr'>paulo</span> <span class='ocrx_word' id='word_1_308' title='bbox 727 4519 800 4573; x_wconf 91' lang='lat' dir='ltr'>ante</span> <span class='ocrx_word' id='word_1_309' title='bbox 814 4508 930 4573; x_wconf 90' lang='lat' dir='ltr'>festum</span> <span class='ocrx_word' id='word_1_310' title='bbox 947 4509 1088 4573; x_wconf 89' lang='lat' dir='ltr'>omnium</span> <span class='ocrx_word' id='word_1_311' title='bbox 1105 4516 1289 4573; x_wconf 88' lang='lat' dir='ltr'>sanctorum</span> <span class='ocrx_word' id='word_1_312' title='bbox 1302 4518 1357 4574; x_wconf 91' lang='lat' dir='ltr'>aut</span> <span class='ocrx_word' id='word_1_313' title='bbox 1370 4509 1491 4575; x_wconf 89' lang='lat' dir='ltr'>festum</span> <span class='ocrx_word' id='word_1_314' title='bbox 1510 4510 1658 4576; x_wconf 85' lang='lat' dir='ltr'>Iohannis</span> 
     </span>
     <span class='ocr_line' id='line_1_37' title="bbox 250 4605 1660 4695; baseline 0.004 -25"><span class='ocrx_word' id='word_1_315' title='bbox 250 4615 324 4670; x_wconf 90' lang='lat' dir='ltr'>ante</span> <span class='ocrx_word' id='word_1_316' title='bbox 345 4616 473 4693; x_wconf 89' lang='lat' dir='ltr'>portam</span> <span class='ocrx_word' id='word_1_317' title='bbox 495 4605 629 4670; x_wconf 90' lang='lat' dir='ltr'>latinam</span> <span class='ocrx_word' id='word_1_318' title='bbox 650 4630 712 4693; x_wconf 94' lang='lat' dir='ltr'>quo</span> <span class='ocrx_word' id='word_1_319' title='bbox 735 4607 776 4671; x_wconf 89' lang='lat' dir='ltr'>ad</span> <span class='ocrx_word' id='word_1_320' title='bbox 798 4608 1010 4671; x_wconf 91' lang='lat' dir='ltr'>mutacionem</span> <span class='ocrx_word' id='word_1_321' title='bbox 1033 4606 1238 4690; x_wconf 88' lang='lat' dir='ltr'>aestivalem,</span> <span class='ocrx_word' id='word_1_322' title='bbox 1262 4609 1290 4672; x_wconf 87' lang='lat' dir='ltr'>si</span> <span class='ocrx_word' id='word_1_323' title='bbox 1312 4630 1466 4695; x_wconf 89' lang='lat' dir='ltr'>praesens</span> <span class='ocrx_word' id='word_1_324' title='bbox 1498 4609 1611 4693; x_wconf 70' lang='lat' dir='ltr'>fucrit,</span> <span class='ocrx_word' id='word_1_325' title='bbox 1636 4611 1660 4675; x_wconf 87' lang='lat' dir='ltr'>si</span> 
     </span>
     <span class='ocr_line' id='line_1_38' title="bbox 250 4704 1658 4794; baseline 0.004 -26"><span class='ocrx_word' id='word_1_326' title='bbox 250 4715 356 4769; x_wconf 91' lang='lat' dir='ltr'>autem</span> <span class='ocrx_word' id='word_1_327' title='bbox 380 4706 514 4787; x_wconf 87' lang='lat' dir='ltr'>absens,</span> <span class='ocrx_word' id='word_1_328' title='bbox 536 4715 613 4769; x_wconf 89' lang='lat' dir='ltr'>tunc</span> <span class='ocrx_word' id='word_1_329' title='bbox 634 4705 820 4771; x_wconf 90' lang='lat' dir='ltr'>conceditur</span> <span class='ocrx_word' id='word_1_330' title='bbox 841 4707 870 4770; x_wconf 92' lang='lat' dir='ltr'>ei</span> <span class='ocrx_word' id='word_1_331' title='bbox 892 4715 1017 4792; x_wconf 90' lang='lat' dir='ltr'>tempus</span> <span class='ocrx_word' id='word_1_332' title='bbox 1038 4704 1216 4792; x_wconf 91' lang='lat' dir='ltr'>incipiendi</span> <span class='ocrx_word' id='word_1_333' title='bbox 1237 4716 1268 4771; x_wconf 90' lang='lat' dir='ltr'>et</span> <span class='ocrx_word' id='word_1_334' title='bbox 1289 4706 1468 4794; x_wconf 88' lang='lat' dir='ltr'>recipiendi</span> <span class='ocrx_word' id='word_1_335' title='bbox 1494 4707 1658 4773; x_wconf 86' lang='lat' dir='ltr'>lectionem</span> 
     </span>
     <span class='ocr_line' id='line_1_39' title="bbox 251 4804 1658 4895; baseline 0.005 -28"><span class='ocrx_word' id='word_1_336' title='bbox 251 4813 325 4868; x_wconf 90' lang='lat' dir='ltr'>ante</span> <span class='ocrx_word' id='word_1_337' title='bbox 345 4805 462 4869; x_wconf 90' lang='lat' dir='ltr'>festum</span> <span class='ocrx_word' id='word_1_338' title='bbox 483 4806 662 4869; x_wconf 86' lang='lat' dir='ltr'>nativitatis</span> <span class='ocrx_word' id='word_1_339' title='bbox 687 4805 786 4870; x_wconf 79' lang='lat' dir='ltr'>Cristi</span> <span class='ocrx_word' id='word_1_340' title='bbox 806 4806 840 4868; x_wconf 93' lang='lat' dir='ltr'>in</span> <span class='ocrx_word' id='word_1_341' title='bbox 859 4804 962 4869; x_wconf 91' lang='lat' dir='ltr'>hieme</span> <span class='ocrx_word' id='word_1_342' title='bbox 984 4814 1016 4868; x_wconf 95' lang='lat' dir='ltr'>et</span> <span class='ocrx_word' id='word_1_343' title='bbox 1037 4813 1111 4869; x_wconf 92' lang='lat' dir='ltr'>ante</span> <span class='ocrx_word' id='word_1_344' title='bbox 1130 4805 1247 4869; x_wconf 87' lang='lat' dir='ltr'>festum</span> <span class='ocrx_word' id='word_1_345' title='bbox 1267 4805 1421 4871; x_wconf 89' lang='lat' dir='ltr'>Iohannis</span> <span class='ocrx_word' id='word_1_346' title='bbox 1440 4806 1612 4895; x_wconf 86' lang='lat' dir='ltr'>Baptistae</span> <span class='ocrx_word' id='word_1_347' title='bbox 1630 4811 1658 4873; x_wconf 91' lang='lat' dir='ltr'>in</span> 
     </span>
     <span class='ocr_line' id='line_1_40' title="bbox 251 4903 1656 4995; baseline 0.005 -31"><span class='ocrx_word' id='word_1_348' title='bbox 251 4911 383 4967; x_wconf 90' lang='lat' dir='ltr'>aestate.</span> <span class='ocrx_word' id='word_1_349' title='bbox 424 4904 468 4968; x_wconf 85' lang='lat' dir='ltr'>Et</span> <span class='ocrx_word' id='word_1_350' title='bbox 482 4913 607 4969; x_wconf 88' lang='lat' dir='ltr'>tenetur</span> <span class='ocrx_word' id='word_1_351' title='bbox 623 4903 757 4990; x_wconf 91' lang='lat' dir='ltr'>quilibet</span> <span class='ocrx_word' id='word_1_352' title='bbox 772 4903 969 4969; x_wconf 88' lang='lat' dir='ltr'>ordinarium</span> <span class='ocrx_word' id='word_1_353' title='bbox 984 4926 1077 4969; x_wconf 91' lang='lat' dir='ltr'>suum</span> <span class='ocrx_word' id='word_1_354' title='bbox 1088 4926 1147 4991; x_wconf 90' lang='lat' dir='ltr'>per</span> <span class='ocrx_word' id='word_1_355' title='bbox 1162 4926 1196 4968; x_wconf 90' lang='lat' dir='ltr'>se</span> <span class='ocrx_word' id='word_1_356' title='bbox 1215 4903 1324 4991; x_wconf 90' lang='lat' dir='ltr'>legere</span> <span class='ocrx_word' id='word_1_357' title='bbox 1346 4903 1478 4993; x_wconf 88' lang='lat' dir='ltr'>publice</span> <span class='ocrx_word' id='word_1_358' title='bbox 1499 4908 1535 4971; x_wconf 91' lang='lat' dir='ltr'>in</span> <span class='ocrx_word' id='word_1_359' title='bbox 1557 4906 1656 4995; x_wconf 86' lang='lat' dir='ltr'>aliquo</span> 
     </span>
     <span class='ocr_line' id='line_1_41' title="bbox 210 4998 1657 5094; baseline 0.006 -30"><span class='ocrx_word' id='word_1_360' title='bbox 210 4998 464 5084; x_wconf 78' lang='lat' dir='ltr'>Iolectoriorum,</span> <span class='ocrx_word' id='word_1_361' title='bbox 487 5003 551 5067; x_wconf 90' lang='lat' dir='ltr'>nisi</span> <span class='ocrx_word' id='word_1_362' title='bbox 573 5002 695 5068; x_wconf 88' lang='lat' dir='ltr'>decano</span> <span class='ocrx_word' id='word_1_363' title='bbox 718 5005 904 5086; x_wconf 88' lang='lat' dir='ltr'>constiterit,</span> <span class='ocrx_word' id='word_1_364' title='bbox 923 5003 1013 5090; x_wconf 35' lang='lat' dir='ltr'>,quod</span> <span class='ocrx_word' id='word_1_365' title='bbox 1032 5003 1200 5069; x_wconf 88' lang='lat' dir='ltr'>lectorium</span> <span class='ocrx_word' id='word_1_366' title='bbox 1219 5003 1341 5070; x_wconf 86' lang='lat' dir='ltr'>habere</span> <span class='ocrx_word' id='word_1_367' title='bbox 1359 5027 1426 5070; x_wconf 92' lang='lat' dir='ltr'>non</span> <span class='ocrx_word' id='word_1_368' title='bbox 1446 5008 1586 5094; x_wconf 78' lang='lat' dir='ltr'>poterit,</span> <span class='ocrx_word' id='word_1_369' title='bbox 1611 5005 1657 5072; x_wconf 81' lang='lat' dir='ltr'>vel</span> 
     </span>
     <span class='ocr_line' id='line_1_42' title="bbox 253 5097 1653 5194; baseline 0.007 -33"><span class='ocrx_word' id='word_1_370' title='bbox 253 5099 280 5162; x_wconf 93' lang='lat' dir='ltr'>si</span> <span class='ocrx_word' id='word_1_371' title='bbox 306 5097 422 5185; x_wconf 90' lang='lat' dir='ltr'>aliquis</span> <span class='ocrx_word' id='word_1_372' title='bbox 443 5102 671 5187; x_wconf 87' lang='lat' dir='ltr'>magistrorum</span> <span class='ocrx_word' id='word_1_373' title='bbox 697 5101 883 5169; x_wconf 87' lang='lat' dir='ltr'>infirmitate</span> <span class='ocrx_word' id='word_1_374' title='bbox 904 5101 957 5168; x_wconf 83' lang='lat' dir='ltr'>vel</span> <span class='ocrx_word' id='word_1_375' title='bbox 983 5101 1049 5175; x_wconf 83' lang='lat' dir='ltr'>alia</span> <span class='ocrx_word' id='word_1_376' title='bbox 1074 5104 1217 5171; x_wconf 82' lang='lat' dir='ltr'>instante</span> <span class='ocrx_word' id='word_1_377' title='bbox 1243 5125 1344 5171; x_wconf 82' lang='lat' dir='ltr'>causa</span> <span class='ocrx_word' id='word_1_378' title='bbox 1367 5108 1561 5175; x_wconf 79' lang='lat' dir='ltr'>necessaria.</span> <span class='ocrx_word' id='word_1_379' title='bbox 1588 5129 1653 5194; x_wconf 86' lang='lat' dir='ltr'>grs-</span> 
     </span>
    </p>
   </div>
   <div class='ocr_carea' id='block_1_13' title="bbox 0 0 1882 6150">
    <p class='ocr_par' dir='ltr' id='par_1_19' title="bbox 0 0 1882 6150">
     <span class='ocr_line' id='line_1_43' title="bbox 0 0 1882 6150; baseline 0 0"><span class='ocrx_word' id='word_1_380' title='bbox 0 0 1882 6150; x_wconf 95' lang='lat' dir='ltr'> </span> 
     </span>
    </p>
   </div>
  </div>
 </body>
</html>
