3756 6158
260 486 320 548 526
754 485 804 533 Die
825 483 1042 548 philosophisehe
1060 485 1185 536 Facultit.

263 670 396 751 cupiant
425 676 456 729 et
485 688 523 729 ea
552 664 593 728 <le
619 688 654 728 re
681 665 845 752 appellent
875 665 1052 746 decanum,
1084 665 1187 729 literis
1216 664 1276 729 hoc
1304 664 1348 729 ad
1376 664 1678 730 reverendissimum

260 770 448 853 episcopum
471 766 601 850 scriptis
623 763 907 847 demonstrabitur,
929 775 965 828 ut
985 764 1097 829 electio
1120 767 1161 828 sit
1180 766 1294 850 ipsius.

234 947 304 1030 21)Εέ
332 982 544 1030 nxnnmmns
571 982 616 1027 ET
644 979 864 1028 COLLATIONE
892 980 1097 1028 'IITULORUM
1124 980 1430 1028 senonasmcanmr
1451 979 1679 1028 marmarum

872 1100 976 1161 Caput
999 1099 1057 1148 xil.

217 1229 232 1280 5
342 1216 503 1279 Petitores
526 1214 682 1278 honorum
705 1211 979 1294 scholasticorum,
1001 1222 1037 1276 ut
1049 1210 1207 1276 bacularii
1228 1210 1322 1293 fiant,
1344 1221 1431 1277 certo
1453 1221 1602 1300 tempore
1625 1236 1678 1278 sua

258 1317 389 1380 nomina
411 1312 499 1399 apud
523 1311 680 1376 decanum
707 1311 853 1398 profiteri
882 1309 1053 1375 debebunt.
1097 1310 1159 1375 His
1181 1311 1339 1397 receptis,
1366 1312 1459 1376 statis
1481 1312 1677 1399 temporibus

258 1415 422 1478 initiorum
443 1413 558 1492 trium,
581 1416 689 1493 verni,
716 1411 832 1476 aestivi
860 1420 892 1473 et
919 1409 1130 1492 autumnalis,
1159 1409 1254 1474 buius
1280 1411 1329 1475 rei
1357 1433 1476 1476 caussa
1505 1415 1677 1477 communi·

257 1516 335 1578 tatis
352 1511 522 1577 concilium
545 1509 727 1592 habebitur,
749 1520 780 1573 et
802 1506 1018 1574 servabuntur
1040 1533 1088 1592 ea,
1110 1531 1192 1595 quae
1214 1511 1341 1574 suntin
1360 1508 1516 1594 moribus,
1536 1522 1574 1575 ut
1595 1521 1678 1576 certa

259 1635 383 1677 summa
415 1609 575 1697 pendatur
605 1632 624 1672 a
654 1606 791 1692 singulis
820 1604 886 1695 [24]
913 1607 1105 1694 petitoribus
1135 1618 1167 1672 et
1195 1611 1380 1674 aestimetur
1413 1632 1476 1696 pro
1512 1609 1676 1675 declarata

218 1724 249 1777 10
259 1710 458 1775 assiduidate
482 1719 538 1772 aut
555 1718 721 1794 comperta
742 1705 938 1792 negligentia
961 1708 1229 1794 uniuscuiusque,
1254 1708 1332 1795 quid
1352 1709 1489 1795 insuper
1507 1731 1676 1774 numerare

257 1812 393 1897 quisque
424 1807 549 1873 debeat
599 1806 639 1871 Id
660 1805 731 1889 fiet,
753 1816 924 1892 postquam
947 1805 1058 1871 audita
1079 1808 1191 1888 fuerit,
1220 1817 1256 1870 ut
1282 1806 1377 1890 solet,
1400 1809 1534 1895 petitio,
1564 1818 1597 1873 et
1616 1831 1676 1874 non

258 1909 368 1976 oblata
394 1930 494 1971 causa
516 1905 737 1992 impedimenti
767 1903 879 1989 ullius,
907 1928 989 1993 quae
1019 1907 1127 1970 omnia
1153 1904 1254 1971 multo
1283 1904 1434 1971 breviore
1455 1918 1607 1995 tempore
1626 1931 1675 1974 ex·

258 2009 374 2096 plicari
397 2017 428 2070 et
448 2005 562 2070 melius
582 2005 653 2091 geri
676 2026 771 2090 quam
793 2004 949 2069 hactenus
969 2014 1121 2091 poterunt
1141 2003 1315 2069 secundum
1336 2006 1476 2071 formam
1490 2010 1675 2095 separatim,

257 2112 284 2174 si
306 2106 478 2186 videbitur,
500 2105 722 2190 perscriptam.

217 2220 247 2274 15
340 2207 391 2270 De
420 2203 535 2292 quibus
563 2214 670 2266 autem
696 2202 918 2288 interrogandi
948 2204 1012 2266 sint
1038 2203 1077 2283 ii,
1104 2224 1237 2287 quorum
1264 2205 1378 2290 petitio
1406 2203 1554 2270 admissa
1573 2206 1673 2288 fiterit,

257 2306 452 2371 constituent
472 2305 555 2367 iuter
575 2325 610 2366 se
632 2303 881 2368 examinatores.
924 2301 967 2395 Et
987 2324 1083 2388 quam
1108 2303 1248 2386 primum
1270 2305 1388 2390 poterit
1408 2302 1491 2388 fieri,
1514 2305 1672 2392 negotium

255 2405 430 2471 conficient.

573 2583 755 2632 PBOMISSIO
775 2584 819 2631 ΑΒ
840 2582 1147 2631 EXAIssNATORIBUS
1169 2585 1359 2633 EXIGENDA.

863 2702 971 2764 Caput
994 2701 1066 2752 XIII.

214 2831 247 2886 at
339 2820 432 2905 „Ego
454 2818 503 2883 .N.
525 2819 679 2904 promitto
701 2814 887 2896 bonafide,
914 2837 966 2878 me
987 2817 1020 2879 in
1043 2814 1152 2880 studia
1173 2838 1297 2899 eorum,
1320 2819 1377 2903 qui
1403 2841 1491 2883 nunc
1519 2817 1667 2883 baculurii

255 2921 324 2985 fieri
347 2921 496 3005 cupiunt,
524 2915 633 2980 sedulo
653 2916 880 2999 inquisiturum
902 2925 934 2978 et
954 2915 1128 2979 secundum
1151 2935 1205 2996 ea,
1226 2937 1309 3002 quae
1335 2927 1478 2982 statuere
1500 2929 1613 3005 potero
1632 2917 1665 2982 de

254 3015 535 3105 responsionibus,
557 3014 712 3079 iudiciuin
739 3016 900 3077 iacturum
928 3035 999 3078 csse
1028 3012 1068 3078 de
1094 3035 1286 3102 unoquoque
1308 3016 1378 3079 sine
1398 3016 1607 3083 inclinatione
1626 3017 1663 3080 sa·

253 3120 342 3183 voris
364 3128 419 3181 aut
441 3114 506 3181 odii
528 3113 731 3201 impulsione,
754 3115 841 3177 omni
861 3111 978 3176 fraude
1000 3100 1143 3199 undique
1165 3114 1319 3178 remota“

736 3327 965 3376 maustauron
992 3328 1187 3377 PETITORIS.

209 3458 241 3512 25
856 3447 960 3509 Caput
983 3446 1068 3495 XIIII.

336 3563 428 3648 „Ego
452 3564 498 3628 .N.
520 3565 606 3646 iuro,
628 3561 767 3647 primum
792 3582 843 3624 mc
867 3583 937 3625 esse
959 3559 1136 3646 legitimam
1159 3558 1304 3624 sobolem
1325 3571 1498 3646 parentum
1519 3587 1661 3644 meorum,

256 3663 396 3728 seeundo
418 3685 545 3727 ornnem
568 3670 716 3725 eventum
742 3656 806 3745 [25]
829 3660 991 3745 petitionis
1019 3680 1120 3744 aequo
1150 3661 1256 3723 animo
1283 3682 1354 3723 esse
1383 3659 1542 3745 laturum,
1571 3685 1661 3751 neque

250 3764 314 3828 ullo
338 3765 370 3826 in
393 3784 490 3843 casu,
518 3784 583 3824 non
612 3758 819 3823 admissionis
846 3768 901 3821 aut
928 3757 1094 3844 repulsae,
1122 3758 1298 3822 vindictam
1328 3770 1577 3846 usurpaturum,
1605 3761 1660 3842 sed,

254 3861 407 3950 quiequid
429 3860 595 3941 acciderit,
617 3880 846 3944 perpessurum
869 3879 939 3920 esse
963 3858 1031 3920 sine
1054 3856 1184 3943 querela
1205 3858 1245 3921 de
1266 3856 1347 3940 ullo,
1371 3868 1404 3922 et
1425 3861 1452 3922 si
1475 3861 1563 3946 quid,
1585 3859 1661 3947 quod

210 3966 331 4028 tollens
355 3970 496 4042 avertat,
520 3969 633 4024 eontra
652 3958 731 4021 baec
752 3958 868 4020 fecisse
891 3955 1125 4042 deprehendar,
1150 3958 1317 4020 infamiam
1344 3960 1481 4043 periurii
1503 3961 1575 4046 ipse
1594 3960 1661 4024 mibi

251 4065 311 4128 hoc
333 4062 419 4124 facto
443 4062 568 4144 irrogo,
591 4069 637 4139 et,
667 4059 846 4141 quicunque
874 4054 981 4118 laesus
1010 4077 1030 4118 a
1056 4077 1107 4119 me
1134 4056 1245 4137 fuerit,
1273 4059 1303 4120 ei
1333 4059 1459 4122 iuratus
1486 4059 1660 4146 persolvam

253 4163 383 4226 florinus
404 4177 425 4222 n
449 4162 517 4222 sine
539 4158 625 4221 omni
646 4157 858 4235 recusatione,
882 4177 953 4218 cum
976 4156 1116 4240 primum
1136 4155 1225 4220 fuero
1249 4155 1447 4220 convictus.“

334 4275 473 4360 Propter
490 4285 626 4337 aetatem
646 4271 784 4358 aliquem
801 4267 916 4357 repelli
932 4293 952 4333 a
969 4271 1133 4356 petitione,
1155 4269 1217 4334 hoc
1237 4279 1383 4356 tempore
1396 4294 1530 4338 eausam
1553 4274 1660 4339 habere

249 4400 313 4441 non
335 4382 459 4460 potest,
489 4373 599 4454 itaque
628 4370 684 4434 illa
711 4368 853 4434 conditio
876 4371 1049 4452 omittetur,
1071 4369 1261 4456 praesertim
1283 4391 1356 4434 cum
1378 4372 1443 4435 iam
1469 4374 1511 4437 sit
1534 4396 1659 4438 commu·

207 4476 334 4542 3511itas
364 4474 455 4535 iussu
485 4469 658 4556 principali
687 4469 866 4550 admonita,
888 4479 923 4532 ut
950 4479 1017 4532 tam
1046 4469 1086 4533 de
1110 4477 1216 4533 aetate
1244 4491 1342 4555 quam
1369 4473 1478 4558 spatio
1507 4474 1660 4561 temporis,

249 4598 310 4660 quo
331 4571 383 4635 hie
404 4569 520 4657 aliquis
544 4571 694 4651 vixisset,
716 4567 855 4654 benigne
877 4569 1084 4655 transigere¹

332 4689 383 4752 De
418 4686 673 4751 renunctiatione
709 4706 834 4765 eorum,
876 4683 992 4771 quibus
1029 4682 1192 4748 tribuendi
1232 4683 1365 4770 publica
1407 4688 1581 4752 autoritate
1612 4686 1657 4750 ba·

248 4787 443 4852 culariorum
475 4783 560 4849 tituli
597 4783 808 4863 videbuntur,
838 4782 873 4846 id
906 4791 1069 4865 servetur,
1106 4782 1192 4870 quod
1222 4783 1286 4847 iam
1321 4794 1370 4849 est
1405 4791 1609 4853 constitutum
1634 4795 1658 4848 et

247 4910 280 4949 m
306 4909 404 4951 more.

336 5139 347 5189 l
368 5132 516 5189 Vielleicht
535 5132 571 5185 ist
588 5127 764 5200 ausgelassen
780 5129 852 5185 velit.
