3756 6158
349 462 387 523 10
791 461 842 513 Dic
857 463 1039 519 Refer-matina
1058 478 1118 513 vom
1135 464 1218 516 «latire
1240 467 1311 514 1446.

427 640 597 729 Exemplis
618 651 650 707 et
672 646 847 709 autoritate
870 645 1051 731 priscorum
1070 655 1199 732 patrum
1221 645 1409 727 didicimus,
1435 668 1499 710 non
1519 645 1674 716 iniustum
1695 644 1765 709 fore

344 763 449 828 neque
469 742 724 828 reprehensibile
742 743 964 826 iudicandum,
989 745 1017 809 si
1036 743 1211 811 secundum
1232 747 1423 811 varietatem
1439 752 1622 832 temporum
1643 753 1765 818 statuta

345 838 538 927 quandoque
558 845 726 909 variantur
739 843 880 908 humana
892 842 1021 920 (diserti
1039 865 1157 931 nempe
1178 867 1258 933 opus
1281 854 1330 910 est
1349 852 1474 910 mutare
1493 843 1672 926 consilium,
1693 865 1766 909 oum

347 939 470 1028 aliquid
489 943 672 1029 sapiencius
692 943 881 1025 mediatur,
902 944 985 1008 sicut
1007 953 1202 1030 praepotens
1221 968 1297 1028 rex,
1318 943 1549 1010 archioonviva
1564 942 1618 1007 ille
1641 943 1765 1028 magni·

321 1034 438 1124 tficus,
457 1039 559 1107 ferale
579 1044 669 1108 nocis
690 1041 830 1109 edictum
850 1064 1009 1108 revocans
1029 1044 1063 1107 in
1085 1044 1220 1109 salutem
1235 1043 1479 1110 Israhelitarum
1500 1043 1637 1109 feliciter
1659 1041 1765 1108 varia-

346 1138 423 1228 vit):
445 1142 492 1207 ita
511 1150 543 1206 et
555 1139 642 1207 alma
661 1152 765 1206 mater
788 1140 925 1207 ecclesia
939 1142 1126 1229 plerumque
1143 1143 1298 1209 nonnulla
1318 1142 1560 1209 racionabiliter
1582 1140 1712 1209 ordinat
1734 1151 1767 1206 et

346 1239 500 1323 constrlte,
520 1263 603 1328 quae
624 1241 780 1307 suadente
799 1241 1016 1307 subiectorum
1028 1241 1165 1308 utilitate
1181 1243 1386 1330 postmodum
1400 1242 1581 1309 consulcius
1604 1263 1643 1306 ac
1662 1242 1765 1307 racio·

345 1339 487 1406 nabilius
514 1352 647 1406 revocat
675 1342 709 1404 in
737 1341 893 1409 meliusve
915 1350 1096 1407 commutat.
1144 1340 1230 1407 Sane
1251 1345 1369 1408 nostris
1398 1341 1531 1407 auribus
1556 1342 1700 1406 insonuit
1727 1363 1767 1407 ac

346 1462 411 1505 non
432 1462 518 1525 vaga
538 1449 569 1504 et
589 1442 713 1505 incerta
734 1441 792 1505 sed
810 1443 919 1506 veraci
939 1439 1095 1505 relatione
1116 1442 1264 1526 innotuit,
1287 1441 1446 1528 quomodo
1469 1442 1563 1505 varia
1580 1449 1612 1505 ct
1635 1439 1766 1506 diversa

307 1539 431 1631 lointer
450 1560 519 1621 vos,
542 1549 608 1604 tam
630 1552 785 1627 exparte
806 1541 1037 1623 universitatis,
1060 1539 1249 1606 facultatum
1263 1563 1302 1605 ac
1317 1543 1483 1606 nationum
1500 1562 1594 1627 quam
1615 1539 1765 1626 collegio·

344 1652 427 1721 m,
447 1647 569 1703 statuta
580 1638 731 1705 ordinata
752 1651 835 1722 sunt,
857 1661 939 1725 quac
954 1640 1072 1725 partim
1094 1637 1179 1704 male
1196 1648 1325 1704 servata
1338 1641 1457 1726 partim
1475 1649 1605 1705 servata
1618 1641 1651 1704 in
1668 1640 1766 1705 detri-

344 1746 486 1803 mentum
506 1740 727 1804 universitatis
749 1739 916 1826 praefatae
938 1761 1003 1802 non
1020 1737 1193 1822 modicum,
1214 1740 1278 1803 nisi
1298 1740 1331 1802 in
1350 1738 1464 1804 melius
1483 1748 1765 1820 commutarentur,

346 1835 460 1902 cedere
482 1847 674 1920 noscuntur,
696 1838 845 1924 quodque
864 1838 1083 1902 necessarium
1108 1839 1151 1903 sit
1170 1847 1304 1924 propter
1318 1847 1520 1925 emergentes
1542 1860 1637 1904 casus
1659 1838 1768 1925 aliqua

345 1936 386 2001 de
405 1959 491 2002 novo
514 1937 654 2002 condere
675 1947 707 2002 et
728 1937 889 2024 supplere.
932 1936 1157 2024 Supplicatum
1180 1936 1274 2002 nobis
1297 1938 1405 2003 extitit
1427 1962 1447 2003 a
1466 1937 1586 2020 multis,
1608 1949 1766 2024 quatenus

307 2034 392 2102 uad
416 2035 497 2100 haec
524 2035 672 2122 diligenti
698 2036 913 2102 sollicitudine
937 2035 1187 2101 intenderemus.
1237 2036 1358 2101 Verum
1386 2039 1447 2102 etsi
1473 2037 1616 2103 eiusdem
1637 2048 1767 2102 vestrae

345 2136 565 2201 universitatis
587 2136 766 2222 profectum
792 2146 824 2200 et
844 2144 1050 2221 augmentum
1071 2138 1149 2201 totis
1174 2135 1300 2200 viribus
1322 2134 1543 2203 desideramus
1572 2161 1612 2203 ac
1633 2148 1767 2226 propter

344 2233 406 2299 hoc
429 2257 545 2321 operas
559 2243 687 2299 nostras
704 2232 746 2298 ad
758 2233 793 2298 id
811 2233 1025 2319 impendimus
1043 2234 1216 2317 fructuose,
1239 2235 1463 2302 nichilominus
1478 2247 1587 2302 tamen
1604 2237 1667 2302 hac
1681 2239 1765 2318 vice,

344 2333 453 2399 multis
476 2334 586 2399 arduis
614 2331 885 2420 perplexitatibus
912 2333 1064 2414 involuti,
1096 2334 1138 2399 ad
1160 2334 1368 2399 scrutandum
1398 2346 1430 2401 et
1458 2335 1696 2423 providendum
1726 2334 1768 2399 de

344 2435 532 2521 praemissis
548 2432 738 2519 diligencius
756 2430 969 2518 personaliter
989 2432 1155 2497 intendere
1176 2457 1241 2499 non
1258 2444 1453 2521 poteramus.
1496 2437 1544 2500 Ne
1566 2447 1675 2502 tamen
1696 2445 1765 2499 tan-

303 2541 414 2598 wtum
430 2532 550 2598 bonurn
564 2531 792 2618 negligeretur,
806 2529 1007 2596 venerabiles
1022 2542 1054 2597 et
1068 2534 1319 2620 circumspectos
1340 2536 1438 2618 viros,
1454 2534 1600 2602 dominos
1617 2532 1767 2600 Conra-

346 2632 432 2697 dum
450 2631 602 2714 Thtine,
625 2633 747 2697 arcium
769 2630 950 2696 liberalium
972 2633 1175 2718 magistrum,
1188 2633 1385 2697 canonicum
1407 2633 1563 2698 ecclesiae
1575 2634 1767 2698 Misenensis

346 2741 378 2796 et
394 2741 550 2797 rectorem
572 2733 792 2796 universitatis
813 2740 951 2812 vestrae,
972 2728 1355 2813 Petrumflliczken,
1376 2734 1599 2819 praepositum
1611 2733 1768 2797 ecclcsiae

345 2831 681 2918 Brandenburgensis,
702 2839 734 2895 et
748 2830 1038 2895 Theodericum
1050 2829 1273 2911 Bukstorff,
1296 2830 1493 2896 ordinarium
1508 2831 1670 2897 facultatis
1690 2834 1766 2897 iuri-

346 2931 447 3013 dicae,
469 2939 502 2994 et
520 2930 686 3016 utriusque
704 2929 784 2994 iuris
807 2926 1021 3016 doctores(?),
1044 2929 1131 2994 viros
1146 2928 1265 2994 electos
1285 2937 1351 2993 tam
1373 2928 1521 2995 doctrina
1542 2931 1651 3017 legum
1671 2953 1768 3016 quam

303 3030 571 3117 2iexperigentia
592 3052 709 3111 rerum,
733 3053 812 3116 quos
831 3029 936 3095 studio
959 3051 1018 3115 pro
1040 3027 1208 3115 republica
1227 3028 1389 3094 indefesso
1409 3039 1442 3094 et
1459 3030 1616 3095 laudabili
1636 3031 1768 3116 ingenio

346 3129 502 3218 pollentes
525 3128 568 3193 ad
587 3127 772 3194 huiusmodi
792 3131 896 3215 magis
919 3139 1012 3215 aptos
1036 3128 1237 3214 agnovimus,
1257 3127 1395 3192 adhaec
1416 3128 1642 3216 deputavimus
1663 3131 1768 3214 inqui-

348 3230 463 3295 sitores
487 3238 519 3293 et
539 3229 768 3294 reformatores
791 3227 959 3315 speciales.
1002 3226 1066 3308 Qui
1088 3226 1212 3293 sollerti
1241 3226 1409 3313 diligentia
1437 3239 1469 3292 et
1490 3227 1637 3314 diligenti
1658 3228 1768 3294 soller-

347 3331 408 3412 cia,
430 3327 536 3394 modis
558 3337 590 3392 et
610 3328 722 3392 formis
743 3326 785 3392 ad
807 3326 869 3392 hoc
893 3328 990 3412 aptis,
1013 3325 1206 3391 de‘statutis
1228 3327 1394 3412 praefatis,
1418 3326 1597 3392 defectibus
1619 3328 1768 3413 singulis-

348 3452 409 3517 que
439 3428 694 3494 circumstanciis
722 3435 850 3491 vestrae
877 3426 1098 3491 universitatis
1125 3427 1260 3490 scrutati
1281 3435 1314 3490 et
1334 3426 1542 3513 contemplati
1564 3437 1638 3490 sunt
1667 3426 1767 3491 multo

308 3531 484 3611 wirnitu,
509 3551 549 3594 ac
572 3549 654 3613 quae
674 3548 733 3612 per
756 3526 953 3590 scrutunium
981 3546 1092 3590 eorum
1122 3525 1359 3608 reformationi,
1380 3525 1607 3609 emendationi,
1630 3549 1768 3592 commu·

348 3614 461 3695 talioni
489 3637 546 3693 aut
567 3625 789 3713 supplemento
812 3625 912 3710 digna
932 3623 1172 3708 iudicaverunt,
1209 3623 1303 3690 nobis
1324 3623 1500 3689 luculenter
1522 3635 1555 3690 et
1572 3625 1769 3691 articulatim

348 3726 573 3794 exhibuerunt.
616 3725 708 3806 Quae
730 3726 838 3790 omnia
858 3734 891 3788 et
911 3722 1039 3808 singula
1059 3723 1208 3807 vidimus,
1231 3722 1482 3791 auscultavimus
1503 3736 1536 3790 et
1558 3724 1769 3812 probavimus

348 3826 520 3913 diligenter
548 3825 683 3909 aliisque
704 3825 817 3911 peritis
843 3832 876 3887 st
897 3822 1046 3887 discretis
1072 3824 1155 3888 viris
1185 3824 1398 3890 auscultanda
1419 3834 1451 3891 et
1477 3825 1649 3912 probanda
1668 3824 1768 3889 tradi·

349 3925 464 3991 dimus.
508 3924 652 4006 Quorum
679 3923 912 3989 communicato
940 3922 1033 3987 nobis
1062 3923 1197 3990 oonsilio
1225 3923 1266 3989 de
1294 3924 1442 3991 omnibus
1471 3935 1504 3990 et
1531 3924 1682 4010 singulis,
1711 3947 1769 4011 per

306 4025 481 4093 ttcosdem
502 4034 622 4090 statuta
641 4023 714 4087 fieri
735 4023 829 4086 acin
852 4023 981 4109 scriptis
1003 4022 1108 4109 redigi
1129 4024 1417 4111 praesentibusque
1436 4025 1585 4090 interseri
1601 4023 1768 4088 mandavi-

350 4147 421 4191 mus
440 4125 475 4190 in
495 4123 632 4190 formam
655 4121 882 4209 subscriptam.

386 4323 609 4374 aaroamcrc
632 4322 801 4370 Panaenus
822 4322 1008 4370 amussim
1035 4297 1102 4370 rna
1122 4323 1264 4372 rursus
1284 4322 1461 4389 suessan,
1485 4322 1728 4371 rmnrcsmuu

388 4422 776 4486 smunmnuscnnsau,
799 4421 1050 4471 rnnonnarouu
1071 4423 1403 4472 summarorium
1426 4423 1564 4472 cousin
1587 4423 1728 4471 amman

841 4521 933 4569 nano
956 4509 995 4570 46
1018 4523 1054 4569 ru
1075 4522 1238 4570 mansan.
1257 4507 1265 4546 ¹

307 4651 341 4708 40
365 4691 369 4705 ,
431 4639 469 4703 In
491 4637 603 4724 primis
623 4659 694 4701 cum
707 4633 844 4699 facultas
861 4632 1043 4720 theologica
1062 4635 1134 4700 aliis
1150 4638 1233 4701 sicut
1252 4633 1348 4720 (sict)
1362 4638 1589 4722 praestantior,
1609 4637 1684 4704 ideo
1706 4661 1769 4702 me-

348 4739 411 4805 rito
427 4736 469 4802 ab
486 4759 525 4802 ea
546 4746 711 4822 tamquam
727 4757 747 4799 a
761 4734 902 4821 digniori
920 4746 969 4798 est
984 4733 1216 4802 inchoandum:
1238 4735 1360 4800 idcirco
1377 4734 1536 4820 volumus,
1552 4739 1721 4804 sanamus
1738 4746 1770 4802 et

423 4978 430 5024 1
451 4969 534 5025 Diese
548 4966 739 5024 Ucbsrschrift
749 4965 831 5020 stand
843 4964 981 5019 natiirlicb
992 4966 1114 5021 nichtim
1126 4966 1261 5038 original
1295 4966 1356 5021 Das
1368 4966 1437 5039 geht
1448 4986 1511 5023 aum
1521 4969 1681 5027 Uebsrfluss
1697 4968 1770 5023 auch

352 5054 424 5110 noch
441 5054 543 5108 darana
562 5051 668 5120 hervor,
685 5051 750 5105 dass
770 5066 814 5103 arn
829 5048 959 5105 Schlusse
974 5050 1023 5106 der
1039 5050 1280 5124 voraufgebenden
1290 5051 1452 5125 Einleitung
1470 5054 1519 5108 der
1536 5052 1681 5109 Schrsiber
1697 5052 1770 5108 nach

349 5140 532 5211 mbsrrs'ptam
543 5135 634 5208 gleich
647 5133 837 5206 fortgefabren
849 5133 899 5190 bat
910 5152 945 5190 au
957 5134 1114 5195 cuchen:
1129 5137 1165 5193 Ia
1177 5137 1282 5208 prcus
1298 5144 1347 5197 aa.
1379 5136 1547 5199 ΛΕΜ
1558 5137 1633 5195 steht
1642 5136 1770 5195 danebcn
