3756 6158
251 487 311 550 596
761 482 811 532 Die
830 481 1016 533 medicinische
1034 482 1160 534 Fecnlffit

251 666 367 750 gister,
389 686 447 751 per
475 665 673 729 triennium¹
698 664 844 731 doctores
865 664 1009 729 eiusdem
1030 665 1193 730 facultatis
1217 664 1389 752 diligenter
1412 665 1588 732 audivisse.
1630 666 1672 730 Et

251 787 310 849 per
330 762 513 827 huiusmodi
535 773 662 850 tempus
691 763 833 828 biennii²
862 763 959 828 debet
980 766 1083 830 eciam
1104 787 1176 829 cum
1198 764 1305 850 aliquo
1327 789 1438 831 eorum
1460 766 1513 831 vel
1535 767 1669 831 aliorum

250 863 415 929 doctorum
431 864 608 949 practicam
623 865 657 926 in
672 863 840 927 medicinis
863 863 1033 950 diligenter
1055 864 1186 928 adiisse.
1224 863 1320 946 Quod
1338 876 1541 952 postremum
1560 869 1589 931 si
1608 888 1669 930 non

250 960 476 1046 adimpleverit
499 958 591 1048 (quia
612 961 747 1027 comode
767 962 875 1027 lacere
897 963 1039 1049 nequit),
1059 963 1327 1039 sacidtassecum
1352 964 1528 1052 dispenset

207 1154 223 1207 ⁵
335 1151 381 1210 14.
410 1159 744 1209 snccrnnuamunus
772 1162 935 1211 raimonis
964 1164 1129 1211 ammius
1158 1163 1313 1212 sonvanu
1336 1165 1502 1214 Tanarus
1524 1166 1590 1213 sax

768 1261 951 1311 snoaanos
972 1263 1155 1312 rursusne.

334 1373 396 1463 [Bl.
409 1375 460 1462 5⁸]
484 1376 630 1457 Quilibet
641 1376 933 1443 baccalauriandus
953 1390 1084 1444 nostrae
1104 1378 1278 1463 facultatis,
1298 1402 1356 1466 per
1378 1379 1527 1446 doctores
1549 1383 1585 1445 in
1608 1404 1668 1445 me·

251 1476 366 1540 dicinis
387 1477 430 1541 ad
452 1478 634 1562 rigorosum
662 1498 799 1540 examen
828 1476 989 1542 admissus
1017 1489 1049 1543 et
1076 1479 1295 1561 examinatus,
1318 1488 1493 1568 antequam
1523 1479 1586 1545 sibi
1612 1503 1669 1566 per

250 1574 379 1640 eosdem
403 1575 550 1642 doctores
572 1577 811 1641 examinatores
831 1576 928 1642 finale
948 1600 1141 1664 responsum
1161 1577 1202 1642 de
1224 1579 1292 1643 eius
1313 1576 1512 1643 admissione
1535 1578 1668 1662 dicatam,

210 1683 241 1738 10
251 1673 376 1739 solvere
397 1684 523 1739 tenetur
543 1674 673 1738 realiter
695 1686 727 1739 et
747 1698 820 1741 cum
849 1677 965 1741 effectu
994 1701 1053 1742 sex
1079 1678 1218 1742 florenos
1246 1698 1398 1741 renenses
1421 1700 1482 1763 pro
1508 1677 1621 1744 labore
1641 1690 1671 1742 et

249 1775 370 1839 honore
384 1774 580 1839 eorundem.¹
599 1774 643 1839 Et
656 1773 752 1839 debet
768 1775 829 1839 sub
848 1776 960 1841 eodem
982 1780 1132 1843 examine
1151 1799 1211 1864 pro
1233 1775 1353 1841 solacio
1375 1776 1552 1864 disponere
1573 1801 1668 1842 unum

254 1874 444 1939 cantharum
473 1875 540 1938 vini
574 1873 677 1939 dulcis
707 1885 738 1938 et
769 1874 849 1940 duos
881 1875 1054 1943 cantharos
1087 1878 1263 1942 cerevisiae
1296 1875 1474 1941 secundum
1505 1879 1669 1964 optionem

251 1973 418 2039 doctorum
441 1996 514 2038 cum
539 1997 602 2040 uno
626 1973 746 2039 talento
772 1975 918 2041 confecti.

292 2147 337 2206 15.
366 2158 698 2206 encomiuamunus
723 2158 886 2207 rannone
916 2159 1003 2207 snas
1032 2158 1267 2207 rronocrorns
1294 2160 1400 2206 nram
1423 2161 1632 2212 raouorom

209 2255 239 2309 15
774 2258 939 2319 onaruoa
960 2257 1151 2307 raonsrvos.

332 2375 477 2457 Quilibet
497 2373 790 2440 baccalauriandus
812 2386 956 2463 tempore
978 2395 1054 2438 suae
1076 2375 1292 2459 promocionis
1314 2385 1441 2440 tenetur
1463 2376 1590 2442 solvere
1616 2401 1670 2441 sno

248 2477 425 2563 promotori
446 2483 584 2560 quatuor
604 2473 744 2538 florenos
765 2472 878 2538 eodem
899 2472 952 2538 vel
974 2484 1127 2561 sequente
1148 2471 1201 2536 die
1221 2483 1295 2559 post
1316 2473 1519 2540 huiusmodi³
1542 2498 1668 2563 promo-

249 2577 372 2640 cionem
400 2574 561 2656 habitam,
589 2574 652 2637 nisi
682 2595 737 2638 eos
764 2575 798 2637 in
828 2582 894 2638 toto
922 2571 974 2637 vel
1003 2574 1036 2637 in
1068 2583 1161 2658 parte
1194 2573 1265 2659 ipse
1297 2585 1465 2659 promotor
1502 2578 1666 2641 remittere

249 2675 344 2756 velit3
372 2674 458 2759 qnod
481 2673 580 2738 stabit
601 2675 635 2737 in
655 2673 820 2739 voluntate
843 2696 899 2737 seu
923 2671 1059 2737 arbitrio
1080 2671 1231 2738 eiusdem.

206 2783 241 2840 20
334 2773 478 2855 Quilibet
496 2772 789 2837 baccalauriandus
811 2775 845 2836 in
866 2771 1034 2837 medicinis
1057 2773 1090 2835 in
1112 2784 1186 2835 actu
1208 2794 1285 2837 suae
1307 2775 1526 2860 promocionis
1549 2784 1671 2838 tenetur

248 2874 374 2941 solvere
393 2872 522 2938 famulis
543 2873 765 2937 universitatis
787 2894 886 2936 unum
907 2872 1065 2937 florenum
1089 2873 1284 2936 renensem.⁴

447 3062 494 3123 16.
528 3072 698 3120 Pacuuium
720 3070 809 3118 mser
830 3071 897 3118 PER
920 3070 1259 3119 asccnuaualaunuu
1281 3070 1475 3120 sonuertnt.

332 3189 476 3271 Quilibet
496 3186 803 3269 baccalauriandus,
826 3196 899 3273 post
921 3209 1057 3251 examen
1079 3188 1113 3252 in
1133 3184 1373 3251 baccalaurium
1397 3186 1581 3251 medicinae
1601 3210 1667 3274 pro·

247 3293 385 3371 motus,⁵
413 3299 540 3353 tenetur
567 3288 651 3352 infra
679 3285 895 3372 quindenamss
917 3286 1042 3351 solvere
1070 3286 1150 3351 duos
1178 3286 1334 3351 floren0s⁷
1356 3284 1513 3351 renenses
1535 3290 1568 3351 in
1591 3310 1666 3352 auro

206 3400 307 3476 topro
328 3389 406 3454 fisco
428 3389 602 3454 facultatis.

291 3563 336 3621 17.
370 3574 460 3632 QUAE
483 3571 647 3618 TENETUR
668 3570 794 3617 IURARE
817 3568 1150 3616 BAOCALAURIANDUS
1177 3568 1365 3616 MEDICINAE
1388 3570 1424 3616 IN
1445 3571 1629 3618 urrunnu

782 3668 868 3715 SUAE
890 3667 1133 3715 Paouocrouls.

330 3788 472 3868 Quilibet
499 3783 791 3851 baccalauriandns
820 3785 853 3847 in
881 3782 1049 3847 medicinis
1079 3785 1112 3846 in
1141 3794 1303 3871 apparatu
1333 3780 1364 3870 [5
1373 3781 1398 3870 b]
1429 3808 1509 3849 suae
1542 3809 1664 3873 promo·

247 3889 348 3951 cionis
371 3887 531 3951 tenebitur
553 3889 676 3964 iurare,
700 3881 785 3969 quod
807 3882 883 3946 velit
905 3904 1099 3969 procurare,
1123 3885 1331 3968 quantumin
1353 3907 1389 3948 eo
1413 3884 1529 3968 fuerit,
1551 3885 1664 3951 bonum

203 3989 340 4051 30istius
365 3986 545 4066 facultatisr,
569 3983 611 4047 ad
633 4004 853 4068 quemcunque
880 3992 997 4045 statum
1022 3981 1202 4064 devenerit,
1225 3992 1256 4046 et
1278 3981 1363 4068 quod
1386 3983 1509 4048 dictum
1531 3985 1664 4070 gradum

247 4089 282 4150 in
304 4085 392 4150 nulla
414 4085 479 4150 alia
498 4085 706 4148 universitate
728 4091 879 4145 resumat.
922 4079 965 4143 Et
990 4079 1171 4145 huiusmodi
1194 4083 1410 4145 iuramentum
1437 4084 1472 4147 in
1495 4098 1570 4149 actu
1593 4106 1664 4148 suae

245 4187 463 4274 promocionis
487 4182 671 4248 solemniter
693 4203 750 4267 per
773 4193 872 4244 unum
894 4202 933 4243 ex
956 4178 1085 4243 famulis
1105 4182 1325 4245 universitatis
1348 4181 1582 4266 publicabitur.

332 4409 341 4457 l
362 4401 416 4456 Die
434 4400 532 4453 Worte
550 4396 736 4463 dicenturnam
750 4413 805 4448 nou
822 4395 959 4465 maqester,
972 4411 1026 4464 per
1043 4395 1187 4448 biennium
1204 4395 1266 4449 sind
1283 4398 1377 4464 spttter
1394 4396 1497 4469 getilgt
1515 4400 1572 4453 und
1589 4398 1665 4454 dasii

245 4489 282 4542 ist
299 4483 478 4558 geschrieben
498 4481 650 4535 trienninm.

328 4581 342 4624 2
365 4569 469 4623 biennii
486 4567 523 4620 ist
540 4569 632 4635 spater
649 4564 756 4633 getilgt.
792 4561 924 4616 Offenbar
947 4560 1056 4632 haugen
1077 4561 1151 4616 diese
1174 4559 1354 4616 Correcnnen
1379 4563 1430 4616 mit
1452 4564 1517 4620 dem
1537 4574 1601 4623 1509
1622 4585 1662 4639 ge

244 4657 346 4711 sassten
365 4653 529 4708 Beschlusse
546 4665 716 4717 zusammen,
732 4648 796 4702 dass
815 4647 906 4701 fortan
925 4646 990 4701 alle
1009 4646 1216 4701 Promovenden
1232 4645 1281 4700 der
1304 4647 1520 4704 medicinischen
1539 4650 1663 4705 Facultit

245 4742 378 4811 Magister
396 4737 454 4792 sein
473 4735 587 4801 sollten;
608 4731 733 4802 zugleich
752 4732 826 4785 ward
844 4731 893 4784 das
913 4733 1048 4785 hieracium
1066 4749 1100 4785 au
1120 4731 1207 4785 einem
1226 4732 1371 4784 taminiam
1387 4732 1535 4789 erweitert.

327 4831 341 4878 3
362 4824 414 4877 Die
426 4822 524 4877 Worte
541 4820 634 4873 eodem
652 4817 694 4870 bis
713 4817 869 4868 lesinamodr'
885 4815 946 4868 sind
963 4819 1056 4885 opiter
1072 4815 1173 4886 getilgt
1191 4831 1217 4867 u.
1239 4814 1321 4868 dafdr
1339 4815 1375 4868 ist
1392 4816 1576 4886 geaehrieben
1593 4827 1657 4873 mite.

329 4913 344 4961 4
364 4907 421 4960 rur
434 4907 500 4975 flor.
519 4922 574 4957 ven.
595 4902 630 4955 ist
647 4904 739 4969 spata
756 4898 934 4969 gesehrieben
952 4917 1062 4952 acreum
1078 4917 1186 4952 numum
1204 4916 1339 4954 revocamen
1355 4901 1400 4954 vel
1415 4903 1549 4957 valorem.

328 4999 343 5045 5
362 4992 414 5045 Die
433 4992 531 5045 Worte
544 4995 611 5057 post
628 5003 738 5039 melnen
755 4983 796 5037 bis
810 4991 954 5053 prouectus
971 4983 1032 5036 sind
1049 4987 1142 5052 spiiter
1158 4981 1266 5053 getilgt

329 5083 344 5131 6
363 5076 454 5130 Dafiir
472 5076 508 5128 ist
527 5076 619 5142 spiiter
637 5074 741 5140 gesetzt
759 5076 820 5120 onte
834 5067 1047 5135 promocionem,

330 5168 342 5216 i
365 5161 421 5214 Ftir
434 5163 557 5230 florenos
576 5159 612 5210 ist
630 5158 722 5224 spiiter
740 5157 847 5222 gesetzt
863 5168 962 5205 aureos
979 5151 1035 5203 und
1051 5151 1127 5205 daun
1147 5150 1285 5208 natiirlieh
1301 5154 1331 5208 ia
1346 5173 1418 5209 maro
1435 5156 1547 5229 gatilgt
