3756 6158
232 494 306 560 ,290
801 490 857 541 Das
878 486 1003 543 Pauliaer
1021 488 1124 555 colleg.

325 672 471 736 Forma
501 671 562 735 erit
591 669 652 734 hoc
680 679 825 759 tempore
852 694 901 755 ea,
928 681 963 736 ut
989 680 1125 758 quatuor
1145 669 1285 756 primum
1307 667 1458 753 magistri
1479 669 1514 732 in
1535 665 1661 733 aedibus

243 770 389 835 Paulinis
412 780 533 851 curent,
563 768 715 856 discipuli
737 781 844 836 autern
865 781 897 835 et
916 768 1042 836 incolae
1064 768 1191 835 aedium
1220 790 1295 832 suas
1317 766 1551 850 habitaciones,
1579 767 1661 831 utin

247 868 449 934 scholasticis
471 869 755 935 communitatibus
778 870 890 952 solent,
917 869 1093 934 conductas
1115 867 1290 934 habebunt.
1334 865 1435 933 Cibus
1456 868 1662 932 communiter

246 971 279 1033 in
311 968 363 1032 his
395 966 531 1033 aedibus
561 969 707 1033 instituto
737 968 945 1034 illustrissimi
974 968 1132 1055 principis
1161 965 1381 1054 praebebitur,
1408 966 1549 1052 huicque
1576 988 1664 1053 prae·

202 1080 218 1133 5
248 1066 354 1132 bendo
376 1065 418 1129 ab
440 1068 652 1132 universitate
673 1070 770 1132 certis
791 1067 1030 1133 conditionibus
1052 1065 1168 1151 aliquis
1189 1065 1403 1150 praeficietur.
1432 1065 1574 1147 Famuli,
1594 1076 1665 1152 quot

246 1187 373 1253 quoque
394 1175 540 1252 tempore
559 1168 737 1231 necessitas
759 1166 1052 1232 administracionis
1073 1166 1185 1251 exigit,
1207 1164 1340 1230 alentur.
1367 1165 1459 1231 Intra
1473 1165 1573 1233 aedes
1587 1164 1664 1230 Pau·

209 1315 215 1333 ι
245 1265 330 1339 linas
350 1263 572 1329 doctrinarum
592 1264 723 1352 publica
743 1264 816 1331 loca
836 1265 1073 1353 professoribus
1096 1263 1357 1349 assignabuntur.

324 1363 418 1429 Haec
440 1363 644 1429 contubernii
664 1366 769 1431 forma
790 1368 860 1449 erit,
889 1365 1201 1430 administratio
1221 1373 1328 1427 autem
1350 1362 1436 1446 talis,
1458 1373 1495 1429 ut
1515 1364 1664 1452 sequitur.

328 1464 473 1528 Primum
494 1463 623 1529 Paulini
644 1463 771 1551 collegii
792 1475 824 1530 et
844 1465 1137 1530 administracionis
1160 1472 1338 1550 perpetuae
1359 1461 1448 1553 illius
1469 1483 1552 1528 cura
1573 1474 1665 1548 atque

208 1573 414 1649 torespectus
436 1562 714 1629 commendabitur
734 1564 777 1630 ab
800 1566 1013 1631 universitate
1032 1562 1162 1628 tribus
1183 1563 1274 1642 viris,
1301 1571 1408 1626 aetate
1427 1561 1665 1649 honoribusque

247 1674 279 1727 et
299 1685 361 1728 usu
380 1684 489 1726 rorum
511 1662 583 1726 aliis
597 1663 847 1749 praestantibus,
868 1665 923 1752 qui
943 1672 1097 1748 tanquam
1119 1659 1339 1749 praesides
1361 1660 1496 1748 quidam
1516 1684 1585 1727 una
1597 1682 1665 1727 cum

245 1773 369 1827 rectore
391 1761 613 1826 universitatis
641 1763 685 1829 ad
712 1764 821 1828 onmia
842 1762 1015 1849 diligenter
1041 1761 1218 1847 respicient
1244 1770 1275 1824 ct
1304 1760 1569 1826 animadvertent
1596 1783 1664 1848 quo

246 1884 318 1946 que,
345 1883 407 1948 quo
429 1862 565 1948 quisque
587 1884 622 1926 se
643 1862 739 1927 modo
759 1872 862 1948 gerat,
889 1860 1063 1928 monebunt
1084 1857 1280 1941 obedientes,
1307 1859 1516 1945 castigabunt
1537 1858 1664 1925 dissolu·

246 1970 307 2042 tos,
332 1962 366 2024 in
386 1959 553 2046 improbos
575 1961 844 2045 animadvertent,
866 1962 934 2026 sive
955 1960 990 2025 hi
1009 1957 1160 2045 discipuli
1184 1980 1242 2022 seu
1261 1960 1358 2024 etiam
1374 1960 1526 2045 magistri
1546 1959 1664 2025 fuerim

209 2060 350 2125 tolidem
374 2068 405 2123 et
427 2059 500 2141 alia,
519 2082 602 2145 quae
624 2061 806 2126 adPaulini
827 2060 954 2147 collegii
974 2060 1172 2125 incrementa
1193 2059 1355 2145 pertinere
1369 2057 1581 2141 videbuntur,
1601 2056 1663 2122 dili·

244 2160 333 2244 genti
361 2157 424 2222 sibi
453 2181 550 2224 curae
578 2182 649 2225 esse
676 2162 848 2247 patientur,
878 2170 913 2225 ut
946 2158 1166 2224 aedificiorum
1201 2159 1426 2244 praeparacio,
1463 2157 1663 2223 oeconomiae

245 2268 311 2322 tarn
332 2258 489 2323 institutio
511 2280 608 2343 quam
630 2261 843 2342 conservatio,
864 2260 969 2324 victus
991 2256 1153 2323 ordinatio
1175 2265 1236 2331 etc,
1275 2256 1321 2321 Hi
1344 2278 1453 2344 saepe,
1477 2258 1660 2344 praesertim

249 2380 336 2421 nunc
356 2359 439 2421 inter
460 2359 562 2440 initia,
585 2368 617 2422 et
638 2359 776 2423 diversis
796 2356 996 2446 temporibus
1019 2357 1116 2423 aedes
1138 2356 1265 2442 collegii
1277 2354 1406 2420 Paulini
1425 2358 1616 2443 inspicient,
1635 2366 1662 2419 ct

248 2459 276 2521 si
299 2456 376 2543 quid
396 2479 511 2543 parum
536 2467 625 2522 recte
645 2456 716 2522 fieri
738 2459 962 2543 cognoverint,
989 2457 1154 2541 corrigere
1175 2454 1357 2520 studebunt.
1399 2454 1466 2523 Uni
1488 2478 1533 2521 ex
1555 2455 1604 2520 his
1621 2456 1660 2518 iu·

204 2557 423 2642 20spectionis
435 2555 609 2640 singularis
625 2579 703 2623 cura
718 2559 942 2639 committetur,
965 2557 1029 2641 qui,
1051 2554 1147 2620 simul
1168 2564 1203 2618 ut
1222 2554 1393 2640 collegium
1412 2560 1539 2619 sartum
1552 2562 1659 2619 tectum

248 2665 430 2742 praestetur
457 2654 551 2719 sirnul
578 2666 685 2722 cetera
709 2666 745 2720 ut
770 2656 864 2737 fiant,
893 2676 976 2740 quae
1004 2657 1176 2719 constituta
1202 2653 1415 2740 ordinataque
1443 2663 1534 2737 sunt,
1562 2652 1660 2719 videat

246 2767 278 2820 et
306 2756 477 2842 pecuniam
506 2756 749 2842 stipendiorum,
777 2777 861 2843 quae
881 2754 999 2819 dantur
1021 2752 1220 2819 discentibus
1241 2753 1450 2838 theologiam,
1478 2755 1574 2819 statis
1592 2762 1658 2817 tem·

246 2855 381 2941 poribus
411 2856 552 2941 accipiat
577 2865 610 2919 et
635 2854 752 2919 deinde
779 2852 955 2920 distribuat
981 2862 1152 2940 praesente
1179 2864 1305 2917 rectore
1333 2851 1540 2936 academiae,
1568 2851 1657 2939 deque

246 2953 394 3019 omnibus
413 2956 555 3019 rationes
578 2954 727 3019 conficiat
748 2963 855 3039 atque,
877 2955 905 3021 si
932 2951 1144 3039 postulentur,
1168 2952 1298 3019 referat.
1340 2951 1468 3033 Quodsi
1492 2952 1578 3017 forte
1602 2972 1656 3016 non

205 3064 237 3118 25
249 3054 352 3140 possit
374 3054 513 3117 inveniri
539 3051 674 3117 idoneus
701 3053 744 3117 ad
770 3053 831 3118 hoo
856 3074 983 3135 munus,
1014 3054 1068 3138 qui
1089 3050 1233 3116 laborem
1260 3073 1435 3140 curamque
1460 3049 1655 3117 1111111111-

247 3176 325 3239 pere
346 3151 433 3234 velit,
463 3153 561 3216 totius
584 3175 619 3216 ae
645 3154 694 3217 rei
721 3151 958 3217 administratio
980 3161 1013 3217 et
1036 3160 1203 3238 respectus
1225 3149 1272 3215 ad·
1295 3159 1457 3216 rectorem
1484 3149 1655 3217 academiae

248 3250 381 3333 recidet,
405 3253 469 3338 qui,
493 3251 645 3339 quicquid
668 3261 735 3315 tum
754 3251 826 3316 fieri
846 3259 994 3337 oporteat
1014 3258 1097 3330 (cum
1119 3250 1294 3339 plurimum
1312 3252 1470 3317 momenti
1482 3253 1519 3317 in
1531 3250 1591 3319 hoc
1601 3250 1654 3329 sit),

250 3350 393 3415 studiose
415 3348 663 3415 consrdtandum
686 3349 813 3417 curabit
833 3361 866 3415 et
885 3360 1061 3436 exequetur
1082 3349 1213 3415 decreta
1234 3359 1293 3421 etc.

332 3448 488 3514 Rector
514 3449 745 3532 universitatis,
771 3472 844 3514 cum
872 3448 952 3515 alias
973 3447 1071 3514 aedes
1091 3447 1302 3535 collegiorum
1326 3449 1525 3539 inspiciendi
1545 3459 1651 3537 amau

208 3550 321 3629 toerit,
343 3550 376 3611 in
390 3547 544 3613 Paulinae
567 3549 664 3613 etiam
678 3549 787 3613 veniet
808 3559 839 3613 et
860 3547 933 3613 illas
954 3548 1223 3635 interrogationes
1242 3557 1274 3613 et
1295 3547 1556 3637 explorationem
1568 3547 1650 3615 solm-

248 3783 388 3837 ucdt'ssnm
404 3798 468 3833 1111
485 3785 572 3848 serpet,
592 3785 677 3832 111111
694 3773 863 3849 1111111911,
883 3780 975 3835 rsos'sa
994 3780 1122 3833 redibunt
1142 3780 1294 3850 oliqrsutuio
1314 3783 1356 3837 ud
1370 3782 1531 3855 pampas
1545 3800 1578 3837 ac
1593 3780 1647 3835 luc*

248 3867 328 3920 lerdis
345 3865 443 3919 litteris
460 3862 641 3917 inscribemus
659 3862 791 3916 Petelinis
809 3863 950 3918 codicibus
966 3864 1035 3935 (tas.
1057 3869 1115 3934 211,
1131 3866 1183 3935 30),

324 3947 464 4003 Hiernach
481 3947 557 4001 kann
575 3962 605 4001 es
624 3944 731 4002 lisinam
744 3944 854 4002 Zvcifel
872 3946 1052 4018 unterlicgen,
1069 3964 1149 4002 wenn
1166 3947 1215 4002 vir
1233 3948 1288 4004 den
1304 3946 1438 4021 Eingsng
1454 3948 1505 4005 der
1521 3946 1647 4018 vorliegffl·

246 4035 299 4089 den
319 4034 447 4087 Statuten
463 4028 714 4103 beriieksicbtigen,
731 4030 795 4084 dass
813 4048 842 4086 cs
856 4032 921 4100 jene
938 4036 1036 4101 ersten,
1053 4030 1226 4105 unbesttttigt
1242 4031 1432 4105 gebliebmen,
1448 4050 1505 4089 von
1522 4024 1646 4091 Camere

245 4119 320 4172 rius
337 4114 523 4187 abgefasstcn,
540 4132 590 4169 aus
608 4114 670 4170 dem
686 4112 852 4171 tuirstatt
870 4114 940 4170 sind.
965 4114 1011 4171 sie
1028 4114 1139 4170 wurden
1155 4122 1226 4171 treta
1244 4116 1294 4172 der
1306 4115 1570 4191 Nishtbsstotigung
1583 4110 1647 4187 read

244 4200 349 4271 mitssig
368 4199 536 4269 vergelesen.
570 4198 634 4271 Vgl.
653 4201 729 4254 Acta
747 4200 905 4267 Raetorum,
929 4196 1034 4271 1251,
1053 4204 1094 4256 48.
1133 4200 1175 4254 Im
1197 4199 1285 4256 lehre
1307 4206 1373 4259 toto
1397 4201 1580 4277 basonffiga
1599 4214 1646 4257 nst

246 4285 305 4339 sich
325 4285 376 4338 mit
396 4283 486 4338 einem
504 4300 594 4339 neuen
611 4280 868 4353 Statutenentvurf,
890 4283 940 4338 vie
957 4282 1006 4338 der
1023 4283 1108 4342 Liber
1126 4286 1229 4341 Renum
1248 4284 1432 4341 Pauliuumm
1448 4286 1576 4359 dartlrut;
1599 4284 1646 4343 ult

246 4387 298 4423 von
316 4368 417 4423 diesem
435 4367 473 4421 111
489 4367 541 4420 mir
556 4365 648 4421 nichts
663 4366 789 4423 bekannt
804 4368 957 4438 geworden.

320 4452 388 4506 Man
413 4450 570 4524 vergleiche
595 4450 668 4506 auch
692 4450 745 4506 den
762 4448 886 4524 Anhang
912 4470 947 4507 zu
972 4451 1027 4507 den
1044 4452 1118 4509 Acta
1137 4454 1286 4511 Raetorum
1311 4452 1339 4511 S.
1363 4458 1415 4511 sto
1431 4453 1483 4529 fg,
1504 4446 1646 4513 mmuh

247 4536 405 4590 lismonam
421 4542 449 4590 et
464 4534 584 4589 Paulini
598 4536 687 4590 cicuta
702 4536 838 4590 institutio
855 4535 978 4592 daselbst
997 4537 1025 4592 S.
1042 4543 1091 4593 520
1108 4536 1146 4610 fg.

322 4620 397 4674 Dass
409 4618 540 4691 iibrigens
558 4619 608 4673 dns
625 4618 818 4690 Collegium
837 4618 1020 4675 Paulinum
1039 4620 1118 4676 nicht
1135 4621 1190 4677 den
1205 4620 1264 4677 drei
1280 4620 1400 4697 librigen
1410 4622 1552 4699 Collegium
1566 4617 1645 4697 gldtl

245 4702 377 4758 zustcllen
403 4702 446 4770 111,
470 4702 572 4757 bedarf
590 4702 661 4757 wohl
683 4703 761 4758 nicht
781 4709 838 4759 erat
859 4703 909 4759 der
928 4702 1112 4777 Erwdhnung.
1147 4706 1207 4761 Das
1230 4704 1267 4761 im
1283 4706 1518 4765 Gesammtbesits
1535 4710 1581 4767 det
1594 4700 1643 4763 llll·

245 4788 358 4841 vorsittit
374 4784 543 4842 betindliche
562 4786 694 4841 Pauliner
710 4786 808 4859 Colleg
830 4786 926 4843 besass
944 4788 1024 4845 keine
1040 4788 1254 4864 Collegiatmen,
1277 4788 1472 4867 ebensosrenig
1487 4794 1538 4850 wie
1553 4792 1599 4849 dn
1609 4802 1644 4843 ¹¹11

245 4868 488 4940 philosophischen
506 4871 637 4925 Facultdt
659 4871 814 4941 gehdrende
836 4870 1042 4944 Collegium
1064 4874 1196 4931 Novum
1222 4874 1331 4941 (descen
1354 4876 1486 4935 Ststnten
1510 4876 1567 4933 sich
1586 4876 1644 4931 11111

243 4954 297 5008 den
315 4954 445 5010 Statuten
466 4956 516 5009 der
538 4954 781 5026 philosophischen
797 4955 928 5011 Facultiit
951 4954 1054 5029 finden,
1070 4978 1090 5013 1.
1108 4960 1146 5028 ιι.)
1170 4959 1226 5015 und
1243 4958 1294 5013 das
1310 4978 1361 5017 aur
1373 4962 1555 5033 juristischcn
1568 4953 1643 5017 11111ι

245 5040 287 5090 tat
310 5036 443 5110 gehdrige
466 5037 669 5109 Collegium
688 5038 870 5095 Petrinum
892 5040 950 5111 (fur
968 5040 1083 5099 welches
1101 5042 1161 5097 sich
1179 5043 1260 5099 keine
1277 5043 1449 5103 besonderen
1465 5042 1588 5105 Suum
1599 5055 1642 5095 vot

246 5118 357 5195 tindeu).
