3756 6158
268 470 329 533 486
758 467 808 516 Die
826 467 1045 530 philosophiscbe
1063 467 1192 517 Facultit.

355 691 401 751 19.
423 701 469 746 an
492 700 665 749 carnaria
686 700 768 749 naor
789 701 926 749 samsai
947 700 1238 766 succlamatum,
1262 701 1424 749 srarnro
1447 702 1616 750 ramora

710 797 713 804 ·
787 799 859 848 non
880 800 1174 851 narnamuaarrs.
1354 766 1355 769 ¹

351 933 424 996 Non
453 933 671 997 determinans
701 942 775 998 ante
806 932 903 997 linem
940 935 1104 1020 sequentis
1131 934 1293 999 examinis
1329 954 1440 997 omnes
1474 931 1638 998 admissos
1667 935 1697 998 in

272 1031 330 1096 tali
351 1032 501 1096 examine
523 1041 693 1119 sequatur,
722 1033 850 1096 nisiex
873 1031 1184 1098 causaracionabili
1211 1031 1300 1096 loeus
1328 1032 1390 1097 sibi
1419 1055 1481 1119 per
1509 1032 1697 1096 facultatem

228 1143 244 1196 5
273 1132 370 1196 fuerit
391 1140 586 1196 reservatus.
635 1130 679 1195 Et
699 1131 812 1195 eodem
835 1130 931 1196 modo
951 1132 1009 1196 fiat
1030 1131 1071 1196 de
1093 1131 1165 1197 aliis
1187 1133 1392 1198 examinibus
1419 1130 1698 1221 sequentibus,si

273 1241 348 1295 ante
368 1230 465 1295 finem
487 1253 598 1295 eorum
618 1253 682 1295 non
704 1228 942 1295 determinabit
1022 1260 1023 1264 ¹

597 1470 644 1530 20.
672 1480 890 1529 nmacmuau
911 1482 1045 1531 anasse
1067 1484 1201 1531 narnus
1222 1482 1375 1531 rounam.

363 1630 481 1694 Petens
503 1629 691 1695 dilationem
712 1630 831 1695 bursae
851 1630 986 1712 iurabit,
1008 1633 1098 1698 infre
1125 1634 1296 1698 terminum
1325 1631 1493 1696 dilationis
1515 1631 1601 1697 velle
1629 1632 1699 1697 bur·

275 1752 344 1793 sam
367 1728 501 1814 solvere.
549 1728 592 1793 Et
619 1729 706 1793 ultra
731 1729 793 1794 hoc
822 1728 918 1794 debet
946 1730 1067 1797 habere
1093 1755 1193 1798 unum
1220 1733 1428 1816 magistrum,
1451 1732 1507 1818 qui
1529 1753 1589 1817 per
1611 1753 1698 1795 suum

235 1838 266 1893 10
276 1830 492 1893 iuramentum
515 1827 621 1910 dicat,
642 1829 729 1916 quod
749 1828 828 1894 velit
849 1830 1056 1917 irrequisitus
1074 1831 1209 1896 ¹bursam
1237 1830 1328 1896 illam
1350 1829 1478 1896 solvere
1499 1841 1579 1896 ante
1599 1829 1699 1896 velin

275 1929 414 1993 termino
437 1927 618 2011 dilacionis,
642 1929 670 1993 si
690 1938 804 2015 petens
825 1927 916 1992 illam
938 1952 1003 1994 non
1025 1930 1169 1996 solverit.

516 2166 564 2228 21.
591 2178 727 2228 VOLENS
748 2178 883 2227 PETERE
905 2179 1133 2229 Dmssmaan
1154 2181 1288 2230 BURSAE
1310 2182 1465 2230 masma.

360 2327 480 2393 Volens
502 2338 612 2414 petere
634 2328 854 2392 dimissionem
876 2327 997 2393 bursae
1017 2329 1148 2412 iurabit,
1171 2329 1256 2416 quod
1279 2330 1365 2395 ultra
1384 2353 1436 2395 res
1450 2327 1532 2418 [31⁸]
1550 2341 1583 2396 et
1604 2330 1698 2397 libros

277 2426 470 2493 nonhabeat
485 2427 597 2492 decem
613 2428 752 2493 florenos
774 2427 815 2491 de
836 2426 929 2492 bonis
952 2428 1158 2494 hereditariis
1175 2428 1228 2494 vel
1250 2428 1506 2517 quibuscunque.
1534 2430 1582 2495 Et
1594 2430 1635 2495 de
1649 2430 1700 2495 hoe

239 2538 269 2592 15
277 2527 398 2592 habeat
419 2526 545 2614 aliquos
568 2527 749 2612 fidedignos
771 2529 837 2613 (qui
858 2526 917 2591 sub
939 2531 1156 2593 conscienoiis·
1170 2550 1281 2594 eorum
1306 2528 1434 2611 dicant,
1461 2551 1532 2594 rem
1554 2533 1604 2595 ita
1623 2552 1694 2610 esse,

279 2629 362 2690 sicut
383 2626 577 2713 principalis
599 2630 715 2707 iurat),
737 2624 855 2714 quibus
876 2625 916 2691 de
938 2639 1131 2714 paupertate
1159 2630 1227 2694 eius
1257 2639 1400 2711 constat,
1428 2639 1487 2693 aut
1516 2630 1600 2694 alios
1624 2628 1698 2693 suffi-

284 2727 405 2791 cientes
426 2719 675 2792 inlormaciones
697 2726 738 2791 de
760 2748 820 2790 sua
839 2735 1033 2812 paupertate
1053 2726 1174 2792 fecerit.

600 2963 648 3025 22.
678 2975 879 3024 rauraanas
900 2960 1072 3036 cuonone
1095 2976 1213 3025 nnana
1231 2977 1394 3026 anonam.

367 3127 550 3213 Paupertas
568 3125 704 3191 alicuius
720 3127 747 3190 si
765 3123 900 3210 vulgata
922 3135 954 3189 et
974 3124 1084 3190 multis
1106 3137 1185 3190 nota
1205 3128 1238 3191 in
1260 3128 1475 3192 universitate
1495 3150 1561 3193 non
1583 3130 1699 3210 existat,

239 3226 417 3316 20probari
444 3234 552 3312 potest
581 3224 698 3289 litteris
727 3224 899 3289 autenticis
927 3247 1005 3288 suae
1032 3227 1175 3290 civitatis
1201 3226 1252 3291 vel
1282 3226 1439 3308 aliorum,
1463 3236 1521 3292 aut
1549 3250 1609 3315 per
1630 3229 1699 3292 duos

281 3328 472 3412 magistros,
495 3326 551 3412 qui
572 3324 784 3406 fideiubeant,
806 3335 841 3388 ut
866 3323 991 3388 litteras
1018 3327 1198 3390 autenticas
1227 3326 1312 3389 infra
1340 3325 1483 3391 medium
1508 3349 1628 3392 annum
1648 3325 1698 3390 sub

285 3449 392 3514 poena
414 3425 550 3512 periurii
572 3423 744 3510 disponere
766 3422 846 3487 velit
867 3434 922 3487 aut
951 3434 1176 3509 paupertatem
1200 3446 1291 3488 suam
1314 3427 1477 3489 veraciter
1498 3436 1530 3490 et
1553 3425 1698 3512 legittime

285 3525 442 3614 probare3
473 3523 524 3587 vel
556 3524 658 3586 eciam
684 3523 804 3608 poterit
834 3544 903 3585 eam
933 3521 1073 3608 probare
1101 3546 1160 3609 per
1189 3522 1271 3586 duas
1293 3546 1450 3609 personas
1471 3524 1653 3611 fidedignas
1672 3534 1697 3588 et

283 3626 451 3706 honestas,
480 3621 597 3710 quibus
627 3631 713 3685 certe
744 3630 870 3686 constat
885 3620 936 3684 de
966 3644 1024 3684 sua
1051 3631 1254 3709 paupertate.
1296 3621 1340 3686 Et
1367 3645 1440 3688 oum
1466 3623 1568 3689 semel
1595 3623 1700 3709 aliquis

242 3734 377 3789 25suam
400 3722 588 3810 probaverit
614 3729 840 3808 paupertatem
872 3719 1081 3802 sufficienter,
1112 3720 1313 3808 peramplius
1336 3721 1378 3786 ad
1401 3744 1475 3786 eam
1505 3722 1698 3809 probandum

284 3825 358 3908 cogi
378 3844 443 3887 non
466 3820 578 3903 debet,
612 3821 675 3884 nisi
706 3828 884 3901 constaret,
914 3818 1008 3883 talem
1039 3818 1206 3885 evidenter
1237 3820 1280 3885 ad
1312 3823 1517 3908 pinguiorem
1550 3824 1701 3888 soranam

284 3933 400 4010 postea
423 3923 620 4008 pervenisse.

285 4163 334 4225 23.
364 4175 410 4220 aa
433 4170 706 4220 msrnusamoan
729 4167 1023 4218 arccaaamoauu
1047 4171 1155 4241 saraa
1181 4172 1254 4219 uon
1277 4172 1528 4220 conraamona
1556 4157 1701 4223 arrarum.l

373 4320 520 4402 Quilibet
547 4307 807 4383 baccalariorum
836 4329 949 4404 petens
972 4318 1251 4405 dispensacionem
1280 4344 1379 4408 super
1406 4344 1472 4386 non
1500 4324 1702 4411 completione

243 4423 424 4503 30biennii‚
448 4421 475 4484 si
498 4417 619 4483 nullum
642 4439 761 4482 annum
784 4418 968 4506 complevit,
989 4417 1081 4483 dabit
1101 4443 1198 4484 unum
1218 4419 1394 4502 florenum3
1424 4423 1454 4485 si
1482 4445 1563 4488 vero
1591 4433 1702 4488 tantum

285 4521 460 4609 eompletit
481 4541 580 4583 unum
602 4539 738 4598 annum,
763 4517 931 4582 dimidium
957 4516 1251 4601 solvet'florenum3
1285 4522 1413 4585 sivero
1444 4523 1531 4587 eitra
1552 4523 1606 4588 vel
1629 4522 1703 4586 infra

289 4645 408 4687 annum
431 4618 606 4706 complevit
627 4626 684 4681 aut
701 4618 831 4681 omnino
853 4640 978 4704 pauper
998 4618 1104 4700 fuerit,
1127 4629 1203 4683 tunc
1223 4620 1370 4704 magistri
1394 4619 1435 4684 de
1458 4623 1597 4688 consilio
1616 4619 1701 4686 facul·

286 4722 374 4802 tatis,
397 4720 541 4806 pensatis
564 4717 822 4782 circumstanciis
843 4739 961 4781 causae
982 4727 1014 4782 et
1034 4740 1258 4804 personarum,
1282 4719 1429 4805 recipere
1444 4731 1585 4808 possunt
1603 4742 1699 4786 secun·

288 4818 365 4884 dum
390 4818 476 4906 quod
498 4819 544 4882 eis
565 4815 729 4881 videbitur
751 4814 917 4903 expedire.

338 5141 347 5190 l
368 5135 423 5189 Am
440 5136 551 5192 Raude:
570 5137 672 5207 ὡρεων
688 5154 739 5191 aco
757 5143 876 5206 tempore
892 5154 970 5190 cana.
990 5135 1072 5207 (etwa
1088 5134 1319 5199 canicularium)
1336 5144 1503 5191 oecurrente
