3756 6158
823 446 878 496 Des
898 461 991 510 grosse
1009 447 1114 510 Colleg.

855 644 1072 695 PROOEMIUM.

334 760 431 827 Nulla
460 761 669 845 congregatio
699 759 879 842 hominum,
913 782 996 846 quae
1026 760 1152 824 ratione
1179 771 1211 825 et
1243 760 1356 847 ordine
1386 766 1578 846 continetur,
1608 767 1675 830 sine

252 859 378 946 legibus
402 860 580 924 consistere
605 867 727 944 potest,
756 858 841 924 unde
868 869 900 923 et
930 859 1083 946 legitimis
1110 859 1257 925 coetibus
1284 884 1403 927 nomen
1429 862 1552 928 factum
1572 886 1677 952 neque

252 958 409 1045 probrum
436 960 570 1045 gravius
597 958 743 1022 maiusve
765 960 947 1023 convicium
973 974 1023 1023 est
1048 980 1096 1041 eo,
1123 958 1211 1044 quod
1237 959 1345 1047 legum
1372 962 1551 1048 participes
1580 973 1677 1050 negat

208 1068 224 1120 5
252 1067 284 1121 et
303 1057 479 1122 violatores
501 1078 573 1120 esse
594 1056 792 1122 criminatur.
828 1057 880 1122 Ea
901 1058 985 1123 enim
1000 1056 1138 1122 Graecis
1161 1049 1285 1138 ἀνομία
1308 1069 1365 1144 est,
1388 1060 1423 1124 id
1443 1070 1493 1125 est
1513 1061 1677 1127 iniusticia

251 1165 348 1242 atque
368 1155 572 1243 improbitas.
600 1155 682 1220 Onm
704 1165 811 1221 autern
826 1157 977 1239 omnium,
1000 1178 1084 1242 quae
1096 1154 1265 1222 edicuntur
1289 1167 1547 1246 metuamusque,
1567 1157 1675 1225 iuben·

249 1256 297 1320 tia
316 1254 452 1321 honesta
473 1263 570 1340 atque
592 1265 681 1319 recta
700 1264 732 1319 et
753 1254 960 1343 prohibentia
980 1256 1155 1335 contraria,
1176 1253 1248 1320 fons
1264 1265 1296 1321 et
1315 1258 1407 1342 origo
1423 1258 1464 1321 sit
1478 1255 1533 1321 dei
1555 1259 1676 1323 ueterm

250 1355 408 1419 sententia
434 1375 473 1417 ac
499 1352 663 1418 voluntas:
706 1356 887 1442 quicunque
908 1353 1001 1419 bonis
1024 1351 1284 1439 salutaribusque
1311 1354 1436 1440 legibus
1463 1376 1529 1420 non
1556 1354 1676 1422 obtem·

249 1462 352 1540 perat,
373 1454 401 1517 is
422 1462 455 1516 et
476 1450 634 1517 adversus
653 1451 751 1518 deum
773 1461 939 1519 aeternum
961 1462 1135 1518 contumax
1155 1462 1204 1517 est
1226 1463 1257 1517 et
1278 1451 1373 1517 huius
1394 1452 1556 1519 voluntati
1577 1455 1675 1519 refra-
1699 1521 1704 1531 ,

209 1552 358 1641 legando
381 1552 542 1616 humanae
565 1551 651 1615 vitae
681 1553 865 1618 societatem
889 1551 1012 1617 dirimit
1033 1546 1065 1615 et
1085 1573 1234 1616 caussam
1254 1550 1366 1617 datin
1388 1553 1569 1618 communis
1589 1553 1675 1619 vitae

249 1652 462 1718 dissolutione
491 1651 708 1717 maximorum
740 1650 899 1717 malorum
928 1659 961 1716 et
991 1649 1172 1715 exitialium
1204 1649 1487 1737 calamitatumet
1516 1650 1585 1719 sibi
1614 1653 1676 1740 ipsi

250 1751 410 1841 imprimis
433 1758 598 1814 extremae
619 1748 817 1815 infelicitatis
840 1758 1029 1815 auctorest.
1050 1748 1137 1813 Vere
1159 1750 1244 1813 enim
1264 1744 1404 1833 dicitur,
1418 1749 1508 1837 leges
1529 1750 1677 1839 obligare

250 1862 281 1917 et
302 1849 346 1914 ad
368 1847 586 1913 obedientiam
608 1857 640 1910 et
660 1845 702 1911 ad
724 1869 871 1933 poenam,
892 1858 929 1914 ut
949 1849 1028 1913 ferri
1048 1847 1272 1935 intelligantur
1293 1856 1360 1914 tam
1382 1846 1477 1914 bonis
1501 1871 1542 1914 ac
1563 1849 1676 1938 probis

249 1970 346 2034 qnam
367 1946 526 2032 improbis
548 1956 644 2032 atque
669 1945 771 2010 maha.
815 1944 897 2012 Sunt
924 1955 1030 2013 antem
1057 1969 1078 2011 a
1106 1946 1242 2034 collegio
1265 1942 1389 2030 nostro,
1416 1948 1470 2013 cui
1495 1946 1676 2015 illustrissi-

209 2059 375 2129 15morum
402 2047 585 2132 principum
610 2043 729 2110 ducum
751 2043 914 2111 Saxoniae
940 2067 981 2111 ex
1011 2046 1216 2132 septemviris
1244 2045 1498 2133 imperatoribus
1529 2045 1674 2134 legendis

249 2145 498 2212 clementissimo
524 2143 680 2210 beneficio
707 2146 891 2231 proprietas
913 2143 1027 2210 harum
1054 2144 1184 2210 aedium
1204 2156 1254 2210 est
1272 2144 1447 2227 attributa,
1477 2144 1674 2235 abantiquo

248 2244 369 2310 utiliter
390 2252 422 2307 et
443 2242 612 2329 praeclare
634 2265 673 2309 ea
686 2245 821 2327 sanata,
844 2242 888 2308 ad
908 2264 990 2331 quae
1010 2242 1173 2310 servanda
1193 2243 1341 2332 inquilini
1362 2246 1397 2309 in
1416 2243 1469 2309 his
1488 2252 1675 2311 tenerentur

247 2343 391 2409 universi
413 2351 445 2406 et
466 2338 530 2429 [38]
552 2341 675 2429 placuit
693 2342 752 2408 illa
774 2342 817 2408 ad
842 2343 1010 2407 minimum
1035 2341 1171 2429 singulis
1198 2341 1407 2408 semestribus
1432 2342 1576 2435 publice·
1591 2334 1674 2411 reci·

247 2445 320 2508 tari
350 2440 444 2521 Quae
464 2441 512 2505 sic
530 2441 706 2528 explicata,
728 2452 763 2506 ut
782 2452 909 2527 tempus
930 2451 963 2506 et
983 2462 1036 2504 res
1055 2439 1138 2525 tulit,
1158 2443 1381 2528 communique
1403 2439 1535 2528 collegii
1554 2443 1673 2510 iudicio

205 2542 416 2626 torecognita
446 2538 680 2628 diligenterque
708 2543 890 2628 perscripta
916 2550 949 2604 et
975 2539 1220 2606 accommodata
1246 2540 1427 2627 praesentis
1447 2541 1539 2606 vitae
1566 2541 1673 2607 condi·

248 2642 337 2722 tioni,
359 2662 446 2705 nunc
467 2639 575 2721 etiam,
595 2639 864 2727 quemadmodum
886 2639 1103 2705 antefactum
1115 2648 1174 2721 est,
1195 2636 1428 2704 recitabuntur.
1458 2638 1589 2721 Quibus
1609 2663 1673 2707 om·

247 2761 315 2823 nes,
343 2739 399 2826 qui
420 2737 479 2803 has
501 2736 598 2803 aedes
617 2738 775 2821 incolunt,
803 2737 983 2826 parendum
1010 2759 1081 2802 esse
1106 2738 1208 2802 scient
1227 2746 1260 2801 et
1279 2736 1342 2802 hac
1368 2737 1443 2823 ipsa
1470 2736 1674 2805 obedientiae

247 2841 401 2903 servitute
433 2859 510 2902 vere
541 2834 661 2902 liberos
693 2836 939 2927 liberaliumque
971 2837 1090 2900 artium
1121 2835 1284 2902 studiosos
1317 2858 1388 2901 sese
1419 2836 1490 2901 fore
1526 2846 1672 2904 statum

246 2937 423 3024 Magistros
446 2934 577 3024 quidem
596 2935 754 3002 bonarum
773 2937 892 3001 artium
913 2945 945 3000 et
964 2934 1101 3001 aliorum
1122 2944 1352 3023 praeceptores
1369 2957 1430 3000 sus
1448 2934 1541 3023 ipsos
1561 2945 1674 3025 sponte

205 3038 391 3102 thacturos
412 3057 483 3100 esse
501 3030 642 3101 officium
664 3058 756 3100 suum
776 3032 966 3100 confidimus
987 3045 1019 3100 et
1039 3045 1074 3099 ut
1093 3032 1216 3098 faciant
1238 3032 1415 3116 hortamur,
1437 3041 1505 3099 tam
1526 3035 1672 3123 exemplo

249 3156 326 3200 suae
347 3132 424 3200 fidei
446 3133 489 3198 ad
510 3134 743 3199 instituendum
765 3135 956 3199 commissos
979 3156 1076 3222 quam
1097 3133 1248 3198 doctrina
1275 3133 1407 3218 pietatis
1430 3134 1672 3222 sapientiaeque

247 3243 279 3299 et
305 3234 434 3297 virtutis
469 3232 637 3298 efficiendo
664 3233 824 3316 meliores,
855 3243 890 3298 ut
920 3242 953 3297 et
973 3230 1131 3298 habitatio
1159 3252 1300 3317 ususque
1331 3230 1462 3296 aedium
1490 3243 1672 3298 nostrarum

246 3331 412 3418 inquilinis
440 3342 553 3418 gratus
575 3342 672 3416 atque
697 3330 855 3396 iucundus
882 3332 934 3396 sit.
952 3340 985 3395 et
1010 3329 1090 3394 nihil
1119 3330 1161 3396 ab
1187 3330 1239 3396 his
1264 3328 1431 3395 molestiae
1458 3322 1674 3422 tristitiaeque

247 3430 340 3497 nobis
362 3430 516 3496 offeratur
536 3439 568 3495 et
588 3430 739 3496 honestas
760 3431 794 3494 in
813 3427 988 3516 tranquilla
1013 3427 1244 3495 consuetudine
1264 3428 1365 3516 digna
1383 3422 1590 3515 professione
1611 3440 1672 3497 stu·

188 3530 374 3596 ·30diorum
395 3541 578 3595 nostrorum
600 3528 810 3595 custodiatur.

327 3627 490 3715 Exposita
522 3636 630 3693 autem
668 3636 741 3692 sunt
778 3627 961 3713 promiscue
999 3625 1315 3691 animadversionem
1347 3624 1608 3714 edictionemque
1644 3637 1674 3693 et

245 3727 586 3793 commonefactionem
605 3727 814 3814 requirentia,
834 3747 918 3814 quae
939 3723 1042 3790 ordiri
1062 3723 1105 3789 ab
1127 3725 1329 3810 ingressione
1349 3725 1384 3789 in
1406 3728 1672 3793 communitatem

245 3829 361 3893 harum
381 3825 510 3891 aedium
535 3835 568 3891 et
589 3825 740 3914 deinceps
768 3847 828 3912 per
854 3833 1090 3890 consentaneae
1117 3826 1152 3889 in
1178 3823 1228 3889 his
1249 3826 1337 3889 vitae
1366 3831 1398 3886 et
1426 3822 1674 3911 congruentium

243 3949 369 3992 morum
397 3925 649 4012 descriptionem
678 3925 796 4010 exequi
822 3923 928 3989 visum
957 3932 1006 3988 est
1039 3925 1103 4006 ita,
1134 3921 1404 4009 quemadmodum
1431 3919 1481 3985 XI
1512 3922 1672 4011 capitibus

203 4024 402 4091 &dutincta
433 4023 572 4090 audietis
603 4023 745 4088 recitari.
791 4021 847 4088 Sic
878 4031 985 4088 autem
1017 4021 1172 4105 audietis,
1204 4030 1241 4087 ut
1270 4045 1335 4087 non
1368 4021 1542 4107 patiamini
1581 4022 1673 4111 quasi

245 4125 359 4188 inanes
387 4144 483 4189 sonos
510 4121 766 4210 praetervolare,
796 4121 853 4185 sed
882 4118 1046 4185 intellecta
1074 4132 1106 4188 et
1135 4120 1369 4209 comprehensa
1397 4120 1517 4185 animis
1547 4142 1672 4187 summo

246 4223 352 4289 studio
385 4219 449 4309 [39]
481 4221 687 4303 annitamini,
719 4230 755 4284 ut
787 4242 871 4306 quae
901 4218 1053 4284 iubentur
1083 4212 1212 4285 faciatis
1246 4228 1278 4285 et
1309 4219 1418 4283 vitetis
1449 4240 1533 4305 quae
1565 4218 1671 4308 prohi-

244 4322 369 4387 bentur.

875 4412 991 4485 Caput
1006 4415 1029 4470 Ι.

204 4566 237 4620 40
744 4568 792 4616 na
813 4568 971 4617 reasons
989 4567 1168 4628 mauman.

327 4685 474 4749 Primum
496 4683 637 4746 omnium
659 4684 715 4771 qui
737 4682 917 4748 conducere
937 4681 1147 4748 habitationis
1167 4681 1273 4746 locum
1297 4681 1394 4764 volet,
1415 4681 1505 4749 hunc
1523 4682 1668 4750 nolumus

246 4806 287 4846 ex
309 4783 479 4868 gymnasio
502 4790 558 4846 aut
579 4779 715 4867 collegio
740 4781 918 4867 relegatum
941 4789 998 4845 aut
1024 4781 1201 4846 exclusum.
1241 4779 1399 4846 Nolumus
1427 4779 1473 4846 ad
1500 4782 1668 4870 collegium

247 4882 353 4968 accipi
378 4881 607 4955 scholasticum
632 4889 688 4945 aut
709 4883 855 4968 quemvis
880 4879 978 4945 alium
1004 4880 1263 4967 intemperantia,
1293 4880 1590 4967 compotationibus
1616 4887 1667 4945 aut

247 4977 320 5044 ales
341 4978 542 5046 similibusve
560 4978 649 5051 vitiis
678 4978 833 5044 infamem
857 4988 914 5044 aut
936 4977 1154 5045 turbulentum
1183 4989 1215 5045 et
1240 4978 1424 5047 fectosam.
1466 4978 1580 5065 Neque
1597 4998 1673 5045 cum

205 5087 238 5141 45
250 5074 459 5160 admittimus,
480 5078 532 5143 cui
552 5099 625 5141 cum
646 5076 755 5161 aliquo
773 5099 814 5143 ex
838 5077 970 5162 collegis
990 5077 1180 5145 manifestae
1198 5077 1390 5145 inimicitiae
1408 5074 1618 5147 intercedant
