3756 6158
252 470 312 534 558
759 470 809 519 Dic
827 468 1011 534 theologische
1026 467 1153 520 Facultit.

201 641 203 646 ¹
252 650 317 715 alia
339 648 551 713 universitate
572 656 647 735 post
668 653 849 715 sentencias
872 651 997 715 steterit
1017 658 1050 713 et
1069 637 1350 737 quantumcunque
1369 671 1429 736 per
1449 646 1564 715 literas
1583 651 1666 736 prin-

252 751 359 834 cipum
381 768 438 811 seu
459 746 540 829 alias
562 769 824 836 quorumeunque
844 749 941 813 fuerit
962 747 1229 815 commendatus¹
1328 752 1340 778 ⁶
1397 805 1399 809 ,

332 951 381 1012 29.
409 941 468 1032 [Bl.
491 943 560 1033 16⁵]
592 946 687 1010 Anno
715 946 838 1012 domini
865 945 1022 1010 milesim0
1053 944 1370 1032 quadringentesimo
1401 947 1666 1034 quinquagesimo

254 1044 395 1110 secundo
424 1046 496 1131 ipso
526 1045 580 1111 die
605 1047 709 1109 sancti
737 1045 849 1110 iacobi
875 1043 1014 1132 apostoli
1042 1051 1084 1122 (d.
1106 1051 1154 1110 25.
1174 1049 1242 1106 Jali
1269 1043 1362 1132 1452)
1389 1044 1579 1110 conclusum
1609 1045 1666 1109 fait

207 1155 223 1209 5
250 1143 453 1209 concorditer
472 1153 504 1207 et
526 1154 679 1209 statutum
700 1167 759 1230 per
780 1147 953 1228 magistros
974 1155 1051 1206 tunc
1074 1142 1113 1206 de
1134 1143 1267 1209 consilio
1294 1143 1459 1209 facultatis
1480 1145 1664 1225 existentes,

249 1242 335 1331 quod
357 1245 391 1306 in
411 1254 521 1324 antea,
542 1255 679 1308 vacante
705 1243 865 1308 decanatu
890 1243 924 1304 in
951 1240 1104 1306 facultate
1132 1241 1311 1328 theologica
1339 1266 1399 1330 per
1427 1243 1596 1308 decessum
1618 1242 1665 1307 vel

251 1340 471 1407 omnimodum
491 1340 606 1406 decani
630 1341 671 1406 ab
692 1343 904 1406 universitate
924 1360 1101 1422 recessum,
1125 1343 1281 1426 magister
1300 1353 1439 1428 protunc
1459 1342 1495 1405 in
1515 1340 1667 1406 facultate

249 1444 372 1523 senior,
402 1441 436 1504 in
456 1439 578 1526 Liptzk
605 1438 728 1504 habens
758 1437 973 1520 domicilium,
998 1440 1032 1501 in
1057 1439 1216 1504 decanatu
1244 1439 1411 1522 succedat,
1433 1440 1497 1505 hoc
1519 1440 1666 1506 videlicet

250 1540 354 1622 modo,
378 1538 465 1626 quod
486 1541 590 1626 primo
612 1541 784 1624 magistros
806 1538 846 1602 de
869 1536 1002 1602 consilio
1023 1536 1187 1602 facultatis
1215 1549 1370 1604 convocet
1396 1547 1429 1603 et
1457 1541 1509 1605 ius
1536 1540 1600 1605 sibi
1626 1562 1665 1604 ex

209 1648 369 1705 10statut0
393 1639 574 1722 quaesitum
595 1638 638 1702 ad
659 1636 795 1702 eundern
818 1638 865 1701 eis
886 1638 1041 1718 insinuet,
1065 1635 1255 1720 affectando,
1277 1645 1312 1702 ut
1332 1639 1438 1725 ipsum
1460 1660 1522 1724 pro
1544 1638 1665 1703 decano

250 1747 416 1803 assumant
438 1748 469 1800 et
489 1739 523 1800 in
545 1759 617 1801 eum
638 1737 863 1817 consenciant,
884 1757 943 1800 neo
970 1758 1034 1800 non
1055 1736 1203 1801 decetero
1224 1737 1331 1821 ipsum
1353 1760 1413 1824 pro
1433 1736 1494 1801 tali
1515 1736 1663 1820 habeant,

247 1836 335 1922 quod
353 1846 385 1900 et
400 1846 477 1900 tunc
494 1836 641 1921 magistri
658 1835 764 1899 faeere
781 1843 964 1916 teneantur,
987 1835 1077 1899 salvo
1097 1837 1169 1917 isto,
1191 1834 1278 1921 quod
1297 1837 1331 1899 in
1352 1838 1547 1921 praesencia
1567 1835 1663 1901 facul·

247 1938 323 2000 tatis
344 1937 529 2021 promittat,
551 1934 637 2020 quod
664 1935 917 1999 convocacio‘nes
946 1932 1174 2019 magistrorum
1198 1932 1360 1998 facultatis
1385 1956 1517 2022 semper
1541 1937 1576 2000 in
1604 1935 1662 2001 ool·

246 2035 331 2121 legio
359 2036 475 2098 maiori
501 2045 532 2097 et
559 2056 622 2098 non
649 2031 727 2097 alibi
758 2032 874 2113 faeiat,
908 2032 983 2098 dato
1010 2035 1127 2115 eciam,
1160 2031 1246 2120 quod
1274 2034 1345 2120 ipse
1372 2047 1468 2099 extra
1496 2033 1663 2120 collegium

210 2135 355 2198 tamaius
378 2156 470 2197 suum
492 2141 600 2197 teneat
625 2131 832 2213 domicilium,
854 2140 886 2195 et
907 2131 994 2218 quod
1014 2134 1049 2196 in
1067 2132 1162 2197 factis
1181 2132 1343 2197 facultatis
1365 2135 1534 2218 magistris
1555 2155 1592 2198 se
1612 2133 1662 2199 ob·

247 2241 407 2317 temperet
427 2241 459 2296 et
480 2231 666 2296 conformet.

328 2436 375 2497 30.
397 2425 458 2516 [Bl.
471 2435 507 2495 17
513 2426 539 2516 ⁸]
561 2428 641 2494 Item
662 2428 784 2514 placuit
805 2429 1008 2496 concorditer
1027 2427 1148 2494 ibidem
1170 2453 1253 2495 anno
1273 2440 1306 2495 et
1327 2429 1390 2512 die,
1411 2452 1477 2517 quo
1500 2452 1611 2517 supra,
1630 2441 1662 2494 ut

248 2531 282 2594 in
304 2526 445 2596 futurum
467 2527 697 2615 praesentandi
724 2528 767 2593 ad
794 2551 923 2594 cursum
959 2529 986 2593 si
1015 2528 1158 2593 studium
1190 2552 1282 2593 suum
1308 2533 1342 2593 in
1368 2527 1536 2615 theologia
1565 2530 1659 2594 conti·

246 2627 374 2692 nuando
396 2650 497 2714 usque
509 2627 551 2692 ad
561 2625 674 2692 birreti
696 2629 917 2714 reccpcionem
939 2630 1154 2713 pervenerint,
1176 2629 1341 2714 pecunia,²
1361 2651 1459 2716 quam
1482 2650 1525 2693 ex
1546 2638 1659 2693 statuto

205 2727 327 2792 iddare
354 2736 502 2791 tenentur
532 2726 687 2811 magistro
718 2728 935 2812 promoventi,
967 2726 1028 2790 hoo
1059 2726 1153 2791 modo
1184 2726 1365 2809 dividatur,
1395 2727 1483 2812 quod
1509 2731 1659 2813 magister

246 2827 539 2911 tenens'vesperias
555 2835 587 2889 et
603 2823 707 2889 aulam
731 2835 804 2889 ante
827 2828 934 2890 omnia
955 2824 1075 2889 habeat
1094 2824 1298 2891 medietatem
1322 2825 1478 2908 eiusdem,
1500 2826 1568 2895 alia
1586 2849 1657 2890 vero

247 2923 404 2988 medietas
432 2925 516 2988 inter
545 2923 625 2987 alios
655 2926 845 3009 magistros,
866 2927 900 2987 in
929 2946 987 2987 sua
1016 2926 1221 3010 promocione
1247 2934 1453 3010 praesentes,
1484 2925 1658 3012 aequaliter

248 3023 422 3105 dividatur,
443 3023 483 3087 de
510 3046 574 3109 qua
603 3025 704 3088 eciam
734 3025 805 3110 ipse
833 3044 1027 3109 promovens
1055 3023 1262 3088 nihilominus
1290 3023 1459 3111 aequalem
1489 3047 1565 3114 cum
1590 3024 1657 3088 aliis

247 3122 368 3187 habeat
397 3122 591 3208 porcionem.
634 3122 708 3188 Hoc
733 3132 842 3187 tamen
870 3132 1024 3186 statutum
1052 3146 1115 3188 non
1143 3145 1177 3188 se
1206 3121 1301 3188 debet
1328 3123 1504 3189 extendere
1527 3123 1571 3189 ad
1592 3147 1656 3187 cur·

205 3230 337 3287 25sores
355 3222 587 3286 sentenciarios
607 3233 639 3286 ct
655 3221 841 3286 licenciatos
860 3232 934 3286 ante
950 3221 1044 3286 huius
1065 3222 1178 3287 statuti
1199 3220 1376 3287 edicionem
1398 3224 1464 3288 iam
1486 3234 1655 3310 promotos.

329 3427 377 3487 31.
401 3420 494 3485 Anno
510 3420 632 3485 domini
645 3426 723 3487 1453
738 3419 789 3484 dic
800 3439 860 3484 xvl
877 3422 996 3485 mensis
1008 3419 1200 3485 Novembris
1221 3420 1407 3486 conclusum
1424 3422 1487 3487 fuit
1508 3433 1655 3488 statutum

248 3519 470 3604 subscriptum.
511 3518 606 3601 Quia,
624 3529 705 3583 teste
721 3521 938 3605 experiencia,
960 3543 1041 3606 qnae
1063 3542 1169 3583 rerum
1191 3528 1240 3583 est
1259 3522 1427 3606 magistra,
1450 3524 1656 3586 contrarietas

248 3642 286 3682 ac
308 3616 516 3703 singularitas
538 3618 724 3703 opinionum
745 3618 979 3682 dissencionenr
1003 3641 1067 3683 non
1088 3618 1266 3701 modicam,
1291 3642 1463 3685 rancorem
1492 3631 1525 3686 et
1555 3621 1655 3686 odium

250 3720 282 3781 in
311 3716 573 3780 universitatibus
603 3739 641 3780 ac
668 3713 1042 3802 communita[1i¹³]tibus
1069 3728 1101 3781 et
1127 3717 1301 3781 earundem
1329 3740 1394 3782 non
1420 3743 1586 3805 nunquam
1614 3718 1655 3782 di·

204 3817 460 3881 30struceionem
482 3814 635 3880 inducere
656 3819 837 3896 consuevit,
863 3817 1071 3879 seminarium
1093 3837 1219 3902 quoque
1240 3839 1385 3881 errorum
1409 3829 1442 3882 et
1463 3819 1656 3883 haeresium³

247 3918 378 3979 inicium
397 3917 503 3978 extitit
526 3923 558 3977 et
581 3916 781 3995 fomentum,⁴
801 3915 922 3978 ideirco
944 3914 1081 3978 facultas
1102 3912 1291 4000 theologica,
1314 3916 1356 3979 ad
1373 3939 1471 4002 quam
1488 3918 1655 4003 praecipue

245 4017 318 4103 plus
342 4014 456 4077 ceteris
478 4023 604 4098 spectat
624 4013 742 4077 talibus
762 4036 931 4077 occurrere
953 4013 1043 4078 etde
1065 4014 1207 4080 remedio
1227 4014 1361 4079 salutari
1381 4016 1568 4102 providere,
1588 4039 1654 4080 oon·

244 4114 383 4180 corditer
406 4112 517 4176 statuit
538 4121 569 4175 et
591 4111 762 4194 conclusit,
790 4111 875 4197 quod
906 4112 945 4176 de
974 4124 1079 4176 cetero
1107 4112 1212 4177 nullus
1237 4115 1470 4198 magistrorum
1491 4125 1525 4180 et
1546 4115 1655 4180 bacca-

244 4215 399 4279 lariorum
425 4211 587 4275 facultatis
614 4213 779 4296 praelatae
810 4207 982 4276 defendere
1009 4211 1140 4294 debeat,
1172 4212 1363 4297 praedicare
1387 4214 1441 4278 vel
1469 4213 1587 4280 docere
1613 4210 1656 4299 [ut

205 4308 404 4397 35vitetur]⁵
432 4309 590 4394 singulam
620 4308 759 4392 aliquam
788 4312 972 4396 opinionem
998 4334 1114 4375 novam
1140 4311 1193 4374 vel
1219 4313 1400 4396 antiquam,
1429 4335 1515 4399 quae
1548 4315 1655 4378 maiori

254 4413 340 4500 parti
364 4409 507 4473 eiusdem
528 4409 691 4472 facultatis
713 4408 882 4493 diplioeat,
911 4410 969 4474 sed
996 4432 1030 4474 sc
1058 4412 1218 4474 communi
1239 4412 1384 4495 opinioni
1406 4411 1518 4477 scolae
1540 4413 1655 4478 confor-
1704 4395 1710 4431 ⁰

245 4533 333 4576 mare
356 4509 416 4574 sub
437 4530 555 4595 poena,
578 4507 680 4594 quod,
706 4509 734 4571 si
760 4511 830 4593 quis
858 4509 1009 4595 deinceps
1038 4510 1235 4573 eontrarium
1258 4510 1373 4575 fecerit
1395 4520 1427 4575 et
1447 4523 1499 4576 ter
1523 4513 1655 4577 monitus

332 4798 340 4847 1
365 4794 419 4846 Am
437 4792 550 4846 Raude:
570 4790 625 4852 Qas'
638 4792 766 4846 sacerdos
778 4809 833 4845 aoa
846 4799 891 4859 est,
909 4808 991 4860 aeque
1008 4793 1048 4844 ud
1063 4793 1319 4846 commandationem
1331 4794 1478 4865 princepis
1487 4798 1546 4863 fiat
1561 4797 1657 4850 doctor.

328 4881 343 4930 2
360 4876 546 4931 Geschrieben
564 4874 637 4929 steht
651 4877 804 4945 pecuniam.
1306 4893 1309 4895 ·

328 4965 343 5012 3
361 4960 547 5015 Geschrieben
564 4958 637 5013 steht
653 4960 791 5013 tamesim.

329 5043 415 5095 snm
434 5044 542 5096 Raude:
561 5043 664 5096 Contra
679 5060 765 5096 accos
782 5043 932 5111 opiniones.

331 5131 345 5180 5
367 5126 418 5182 Die
436 5127 697 5199 eingeklammerten
715 5126 812 5181 Worte
828 5124 949 5197 gehiiren
969 5125 1093 5181 offenbar
1112 5125 1190 5181 nicht
1208 5126 1322 5185 hierlser.
