3756 6158
244 510 307 576 m
825 510 882 562 nu
899 509 1102 576 ltnucncolleg.

244 700 296 756 ter
324 689 517 778 multiplices
549 689 756 759 difficultates
786 700 862 758 sunt
891 691 1153 774 accommodata,
1184 692 1287 756 cuivis
1320 699 1428 757 nmen
1448 692 1483 756 in
1503 689 1670 778 collegium

244 800 470 877 τωρωι).
485 812 525 854 ea
547 800 633 856 essct
652 792 841 858 iurandum:
862 815 899 858 re
917 791 1054 858 multum
1066 790 1186 879 diuque
1198 789 1387 873 deliberata,
1408 790 1562 879 perlectis
1582 799 1672 876 atque

245 889 419 973 diligenter
436 891 593 976 expensis
612 890 696 978 ipsis
717 891 883 957 veteribus
912 893 1052 974 statutis,
1078 889 1267 956 fundatione
1288 899 1321 954 et
1338 889 1443 955 literis
1470 890 1624 977 antiquis,
1643 898 1672 953 et

245 987 339 1053 simul
359 985 574 1054 consideratis
603 987 703 1077 longa
723 992 789 1056 iam
813 989 1045 1056 conmetudine
1064 989 1257 1055 introductis
1279 999 1310 1053 et
1332 988 1487 1054 obtentio:
1518 986 1673 1054 iudicavi·

202 1098 327 1169 tinus,
357 1108 398 1152 ea
428 1086 572 1153 tollenda
601 1111 683 1171 esse,
712 1112 796 1175 quae
821 1089 873 1154 vel
896 1086 942 1176 [2]
962 1085 1180 1155 conscientiae
1200 1087 1339 1175 aliquem
1361 1108 1516 1175 scrupum
1545 1087 1674 1152 iniicere

242 1185 295 1251 vel
315 1185 368 1251 his
387 1186 589 1273 temporibus
610 1209 675 1251 non
696 1190 775 1252 satis
798 1210 977 1275 congruere
997 1186 1203 1255 videbantur.

324 1285 422 1349 Anno
444 1287 554 1370 itaque
574 1285 745 1352 millesimo
768 1289 1025 1375 quingentesimo
1044 1289 1312 1376 quinquagesimo
1329 1295 1447 1352 octavo
1468 1293 1546 1373 post
1564 1292 1672 1350 natum

243 1386 277 1449 in
297 1384 394 1449 terris
415 1382 518 1449 filium
542 1384 605 1469 dei,
629 1385 682 1450 die
702 1384 736 1451 S.
758 1385 919 1452 Matthaei
941 1386 1091 1474 apostoli,
1120 1409 1192 1452 cum
1214 1387 1420 1474 praepositus
1441 1392 1529 1450 esset
1550 1378 1672 1471 collegii

242 1483 346 1548 nostri
380 1482 578 1549 reverendus
615 1506 656 1548 ac
691 1484 891 1550 clarissimus
922 1486 985 1570 vir,
1022 1485 1172 1552 dominus
1203 1484 1471 1551 Bartholomaeus
1502 1480 1672 1547 Runbaum

205 1582 431 1663 telamonius,
470 1604 495 1650 s,
531 1581 717 1669 theologiae
754 1582 884 1666 doctor,
926 1594 1103 1651 convocato
1140 1606 1201 1671 per
1234 1594 1379 1650 tenorem
1412 1591 1446 1648 et
1480 1589 1673 1667 congregato

244 1680 395 1766 collegio,
423 1680 574 1747 omnibus
602 1681 878 1747 consentientibus
910 1691 943 1748 et
968 1685 1097 1748 nemine
1127 1682 1371 1749 contradicente
1398 1679 1587 1747 conclusum
1616 1680 1673 1744 luit

244 1788 277 1844 et
298 1779 473 1862 dammum,
493 1790 530 1845 ut
550 1780 584 1845 in
606 1790 772 1868 posterum
795 1803 879 1869 quae
899 1793 1077 1869 sequuntur
1101 1792 1223 1848 statuta
1245 1804 1266 1847 a
1279 1779 1424 1870 quolibet
1443 1776 1523 1845 huic
1541 1776 1673 1864 colleg’o

243 1877 399 1944 obstricto
420 1899 481 1965 pro
499 1878 588 1944 virili
610 1877 835 1945 custodiantur
858 1889 891 1946 et
912 1880 1136 1947 observentur.

326 1979 353 2043 1.
375 1976 656 2058 Quemadmodum
677 1977 834 2044 hactenus
850 1979 1062 2047 observatum
1081 1980 1153 2065 tuit,
1175 1988 1212 2046 ut
1234 1980 1375 2069 quinque
1394 1975 1549 2063 magistri
1569 1972 1672 2041 Silesii

206 2079 282 2142 isin
304 2075 441 2163 collegio
463 2078 525 2142 isto
556 2076 700 2164 collegae
722 2089 831 2143 essent
857 2088 889 2143 et
915 2086 999 2144 tinus
1018 2079 1191 2164 Prutenus,
1221 2075 1265 2167 [3]
1294 2079 1349 2165 qui
1376 2086 1486 2141 tamen
1512 2096 1556 2139 ex
1581 2072 1672 2140 bure

244 2175 388 2241 volentia
410 2197 539 2262 semper
557 2185 708 2263 receptus
730 2184 795 2265 est:
831 2178 878 2243 ita
901 2180 1000 2243 etiam
1021 2176 1188 2264 deinceps,
1209 2178 1278 2243 sive
1298 2175 1352 2242 hic
1371 2175 1507 2262 Lipsiae
1529 2192 1670 2260 perman-

247 2274 326 2339 serit
356 2272 545 2361 collegium,
581 2277 651 2340 sive
681 2273 746 2341 alio
779 2276 814 2338 in
846 2275 997 2343 Silesiam
1025 2276 1079 2342 vel
1110 2277 1253 2364 Pragam
1286 2273 1462 2340 secundum
1492 2271 1670 2337 hmdatoris

248 2367 477 2489 liberalissimi,
507 2372 539 2438 d
566 2373 718 2439 Iohannis
739 2373 870 2440 Ottonis
893 2374 933 2441 de
953 2374 1192 2462 Monsterberg,
1221 2398 1245 2439 s.
1267 2372 1450 2459 theologiae
1480 2370 1672 2459 professoris

246 2480 279 2536 et
300 2472 398 2559 primi
423 2472 457 2536 in
483 2470 546 2538 hac
574 2472 744 2538 academia
770 2475 918 2556 rectoris,
946 2473 1093 2539 mtimam
1113 2473 1312 2540 voluntatem
1331 2472 1432 2537 fuerit
1456 2470 1672 2552 uanslaaunt,

208 2569 387 2636 tticundem
408 2592 577 2636 numerum
583 2565 747 2638 volumus
768 2574 912 2639 retineri
990 2560 1004 2605 ¹
1283 2596 1286 2601 ·

330 2669 373 2734 Π.
403 2668 532 2735 Mortuo
559 2680 617 2735 aut
645 2672 833 2759 resignante
861 2671 980 2759 aliquo,
1009 2670 1126 2760 reliqui
1154 2667 1299 2784 collegae
1323 2666 1437 2735 liberis
1466 2674 1502 2732 et
1524 2664 1670 2753 legitimis

249 2768 412 2854 suffragiis
442 2766 565 2854 eligant
596 2769 694 2835 alium
724 2773 934 2858 magistrum,
967 2792 1062 2858 quem
1089 2769 1233 2834 maxime
1260 2767 1411 2834 idoneum
1442 2786 1516 2831 esse
1543 2765 1670 2853 collegio

247 2866 472 2950 iudicaverint,
500 2869 590 2933 cuius
618 2870 696 2952 vita,
726 2869 868 2935 studium
893 2878 926 2935 et
951 2891 1057 2935 mores
1084 2867 1204 2954 integri
1232 2866 1297 2932 sint
1323 2877 1356 2931 et
1383 2862 1533 2953 probati,
1561 2865 1670 2993 quique

250 2975 364 3031 cenna
385 2964 513 3053 collegii
533 2965 700 3033 libertates
720 2969 800 3035 nihil
821 2968 996 3034 tentaverit
1016 2978 1072 3033 aut
1092 2966 1224 3033 molitus
1246 2970 1296 3031 sit

205 3072 238 3129 25
329 3063 386 3129 III.
413 3064 489 3129 Et
479 3087 514 3129 ιιι
534 3065 593 3131 tali
615 3065 771 3133 electione
796 3067 1005 3155 praepositus
1031 3069 1156 3154 primus
1178 3063 1229 3154 [t]
1243 3064 1332 3130 dicat
1359 3084 1450 3128 suam
1472 3062 1669 3143 sententian,

246 3173 279 3228 et
298 3164 326 3228 si
347 3163 504 3249 suffragia
523 3164 643 3230 fuerint
669 3166 829 3251 aequalia,
852 3175 958 3252 potest
958 3175 1045 3229 atem
1071 3165 1192 3230 habeat
1212 3161 1423 3244 decernendi3
1449 3162 1503 3226 sin
1525 3182 1605 3227 vero
1626 3161 1665 3226 in·

248 3261 396 3347 aequalia
417 3262 546 3345 fuerim,
566 3273 714 3329 teneatur
735 3288 806 3329 cam
828 3274 965 3351 partem,
989 3286 1073 3352 quae
1092 3265 1195 3330 vincit
1215 3283 1359 3343 numero,
1383 3259 1583 3347 approbare.

330 3359 456 3441 Quodsi
471 3362 652 3447 contigerit,
675 3373 710 3427 ut
724 3362 885 3429 Prutenus
906 3371 975 3427 tum
995 3365 1152 3450 temporis
1169 3363 1212 3427 sit
1232 3361 1449 3448 praepositus,
1468 3358 1559 3425 illius
1574 3359 1669 3423 vicem

246 3468 340 3545 gerat
364 3481 448 3524 unus
469 3459 666 3546 collegarum
688 3484 729 3525 ex
752 3460 888 3543 Silesiis,
916 3483 936 3526 a
958 3459 1094 3546 collegio
1115 3460 1260 3546 legitime
1287 3458 1471 3545 deputatus,
1499 3468 1532 3524 et
1557 3457 1670 3547 praesit

208 3556 407 3623 ttelcctioni.

330 3656 403 3721 1111.
426 3656 499 3723 Sint
513 3659 610 3722 etiam
632 3656 767 3742 obligati
789 3658 932 3744 collegae
953 3680 1064 3723 omnes
1087 3667 1118 3722 et
1140 3657 1268 3743 singuli,
1290 3665 1325 3720 ut
1346 3655 1386 3720 de
1408 3652 1570 3740 eligendo,
1592 3662 1669 3719 ante

249 3778 346 3843 quam
374 3756 531 3843 suffragia
556 3757 718 3839 ferentin,
756 3778 839 3840 quae
866 3756 918 3822 vel
949 3758 1016 3844 ipsi
1042 3757 1173 3843 cognita
1201 3755 1323 3821 habent
1349 3753 1402 3819 vel
1430 3776 1451 3817 a
1479 3753 1545 3820 lide
1573 3753 1669 3840 dignis

249 3863 452 3941 acceperunt,
475 3854 627 3936 indicent,
649 3878 690 3920 ne
711 3854 778 3920 ulla
796 3864 873 3921 nota
894 3854 1029 3940 collegio
1050 3857 1200 3919 inuratur
1222 3862 1357 3942 propter
1376 3853 1484 3917 minus
1506 3851 1669 3940 probatum

249 3950 416 4038 collegam.
457 3952 501 4017 Et
534 3955 590 4040 qui
621 3952 745 4042 aliquid
777 3952 994 4019 eliminaverit
1025 3977 1067 4018 ex
1098 3954 1148 4034 iis,
1181 3975 1264 4042 quae
1294 3951 1378 4016 ultro
1410 3952 1560 4039 citroque
1592 3948 1670 4016 dicta

214 4061 247 4115 35
257 4053 394 4132 suerunt,
416 4052 551 4138 periurii
572 4073 647 4116 reus
670 4060 748 4134 osto,
774 4054 844 4118 sive
865 4051 1023 4140 procedat
1045 4051 1158 4117 electio
1181 4053 1251 4115 sive
1270 4051 1514 4116 intermittatur.

331 4149 370 4214 V.
394 4147 440 4237 [S.
462 4147 492 4235 5]
517 4148 724 4230 Quaestus
745 4153 849 4217 estin
869 4151 1038 4237 collegam,
1067 4148 1198 4234 famulo,
1227 4173 1286 4237 por
1316 4172 1411 4237 quem
1439 4148 1484 4215 ad
1511 4146 1669 4234 collegium

251 4257 395 4331 vocatur,
417 4250 526 4313 statim
549 4248 702 4316 exhibeat
722 4249 793 4316 flor.
813 4250 942 4316 rhenen
964 4259 996 4315 et
1015 4272 1165 4336 grossum
1186 4259 1385 4335 argenteum,

740 4432 971 4482 matitunum!
992 4430 1177 4480 COOPTATI.

335 4543 429 4629 „Ego
452 4544 501 4608 .N.
523 4547 606 4628 iuro,
629 4546 716 4634 quod
738 4546 905 4612 libertates
934 4555 967 4611 et
993 4545 1161 4611 commoda
1189 4546 1330 4611 nationis
1358 4566 1450 4609 meae
1472 4543 1571 4609 velim
1597 4540 1669 4607 tueri

209 4655 291 4709 thc
312 4641 486 4707 defendere
516 4654 548 4707 et
571 4642 698 4731 collegii
719 4645 814 4710 huius
836 4645 991 4710 utilitates
1017 4667 1138 4730 augere
1164 4667 1204 4709 ac
1230 4643 1409 4730 provehere
1435 4666 1495 4730 pro
1517 4640 1610 4724 virili,
1634 4635 1668 4704 ad

252 4762 474 4830 quemcunque
502 4751 620 4807 statum
646 4753 702 4808 aut
726 4742 914 4831 dignitatem
942 4765 1131 4830 pervenero.
1173 4741 1281 4830 Atque
1307 4744 1405 4808 etiam
1432 4762 1483 4823 ea,
1507 4762 1591 4831 quae
1614 4740 1667 4804 ian

252 4848 373 4906 statuta
394 4850 468 4906 sunt
493 4838 544 4907 vel
573 4841 727 4929 deinceps
754 4865 814 4929 per
838 4845 996 4910 maiorem
1023 4841 1151 4928 collegii
1177 4851 1305 4928 partem
1327 4850 1510 4907 statuentia
1531 4850 1588 4906 aut
1606 4858 1667 4904 con·

332 5075 341 5126 t
364 5070 438 5126 Dass
456 5070 531 5126 dicae
543 5069 719 5142 Aufiassung
736 5070 826 5128 faloch
843 5072 888 5141 ist,
906 5071 957 5129 wic
974 5071 1060 5128 sehon
1077 5071 1128 5126 das
1146 5069 1206 5127 hier
1224 5070 1392 5140 gebrauchte
1403 5052 1487 5129 vion
1504 5063 1667 5126 hinrcicheutl

252 5152 373 5223 beneist,
390 5153 462 5210 habe
480 5152 526 5209 ich
543 5154 614 5210 oben
631 5154 847 5226 nachgeuiesen.
