3810 6150
804 501 859 552 Das
875 500 1001 552 Paulincr
1018 498 1123 563 colleg.

884 719 996 784 Caput
1013 718 1046 772 V.

338 850 477 917 Aedium
502 849 629 937 collegii
651 850 736 917 fores
758 850 814 916 ubi
835 850 965 917 clausae
990 851 1124 934 luerint,
1152 848 1268 915 nullius
1291 858 1442 938 respectu
1463 847 1586 936 aperiri
1612 846 1679 934 pri·

256 963 332 1018 vato
353 952 481 1018 nomine
503 951 636 1016 sinatur.
660 951 755 1032 Quod
778 952 805 1015 si
828 961 957 1033 temere,
978 974 1043 1016 non
1065 961 1200 1036 cogente
1222 947 1355 1037 publica
1376 970 1485 1030 causa,
1507 970 1529 1013 a
1549 948 1679 1034 privato

258 1052 366 1136 aliquo
395 1050 552 1135 singulari
581 1072 659 1114 casu
687 1051 869 1137 patefactae
897 1051 1029 1132 fuerint,
1059 1051 1309 1136 quotiescunque
1339 1049 1401 1114 hoc
1426 1048 1547 1112 factum
1573 1046 1679 1128 fuerit,

215 1161 231 1215 5
257 1153 352 1216 toties
385 1149 570 1238 persolvere
591 1159 727 1236 cogatur
753 1153 918 1236 magister,
947 1150 1106 1215 curationi
1136 1149 1291 1214 trimestri
1322 1147 1515 1235 praefectus,
1545 1144 1680 1211 florinas

257 1263 331 1315 tres.
371 1248 537 1314 Videbunt
564 1259 671 1313 autem
700 1249 819 1334 singuli
845 1260 1010 1315 curatores
1036 1249 1197 1330 vicissim,
1224 1258 1262 1314 ut
1289 1270 1347 1314 suo
1376 1255 1523 1333 tempore
1551 1242 1681 1330 collegii

256 1349 353 1416 aedes
385 1347 576 1413 claudantur
607 1357 730 1413 aestate
754 1359 828 1413 ante
858 1346 1033 1431 decimam,
1065 1349 1181 1436 hyeme
1210 1348 1319 1414 statim
1348 1354 1423 1412 ante
1450 1366 1581 1428 nonam,
1609 1351 1681 1411 utut

257 1459 331 1514 ante
353 1447 555 1513 dictumest.

871 1566 1049 1630 CapntVL

218 1709 249 1765 to
342 1698 550 1784 Flagitiosos,
571 1697 763 1785 impudicos,
785 1696 969 1782 insolentes,
997 1698 1179 1781 seditiosos,
1201 1696 1457 1781 tumultuatores,
1477 1694 1681 1782 negligentes

258 1796 436 1864 studiorum
470 1820 599 1863 suorum
628 1800 656 1863 si
687 1799 836 1884 magistri
863 1798 1078 1884 castigatione
1109 1820 1169 1862 sua
1193 1796 1342 1863 meliores
1368 1794 1505 1861 reddere
1530 1816 1597 1859 non
1624 1815 1680 1881 po·

258 1900 379 1963 tuerint
399 1920 503 1986 neque
523 1899 557 1962 in
578 1896 641 1961 hac
661 1907 755 1983 parte
777 1897 963 1985 praesidum
985 1907 1152 1986 respectus
1174 1897 1357 1985 profecerit,
1379 1916 1534 1961 accusare
1561 1892 1681 1987 debent

258 1996 346 2086 apud
377 2006 534 2063 rectorem
564 1996 784 2061 universitatis
814 2007 953 2079 nostrae,
983 1999 1038 2086 qui
1066 1996 1107 2062 de
1133 1995 1198 2062 illis
1225 1994 1412 2062 coercendis
1442 2018 1516 2061 cum
1543 1990 1679 2058 consilio

259 2119 316 2163 suo
340 2094 533 2163 deliberabit
554 2104 650 2184 atque
672 2104 800 2162 statuet.

220 2273 249 2326 15
874 2264 983 2328 capus
1001 2265 1062 2315 vn.

343 2392 378 2459 Si
399 2395 470 2482 quis
491 2395 719 2480 magistrorum
743 2396 911 2459 convietus
930 2395 1026 2459 fiterit
1047 2394 1208 2482 flagitiose
1228 2394 1360 2481 aliquid,
1382 2396 1416 2459 in
1436 2392 1572 2481 collegio
1587 2412 1681 2479 prae

261 2495 379 2578 sertim,
401 2502 618 2581 perpetrasse,
641 2496 749 2559 statim
770 2495 918 2581 privetur
941 2516 961 2558 a
981 2505 1109 2562 rectore
1130 2506 1162 2560 et
1182 2494 1388 2582 praesidibus
1410 2514 1542 2559 munere
1564 2512 1632 2556 suo.

868 2696 973 2759 Caput
991 2696 1064 2747 vin.

343 2827 574 2915 Magistrorum
595 2829 656 2892 erit
676 2827 797 2909 videre,
826 2850 867 2890 ne
892 2826 973 2914 quid
993 2825 1082 2914 apud
1112 2826 1286 2914 inquilinos
1314 2849 1476 2892 armorum
1503 2826 1682 2914 repositum

219 2929 306 2993 aosit
326 2950 430 3015 neque
457 2927 499 2992 ab
525 2927 590 2992 illis
618 2936 782 3008 tractetur,
812 2949 922 2991 eorum
944 2928 1147 3013 praesertim,
1175 2948 1259 3011 quae
1286 2927 1387 2991 noxia
1413 2948 1485 2990 esse
1506 2925 1622 3005 solent,
1648 2933 1684 2988 ut

262 3037 336 3092 sunt
358 3048 453 3093 arcus
475 3036 507 3092 et
529 3048 611 3113 quae
631 3023 833 3092 bombardae
845 3034 1012 3108 vocantur,
1031 3035 1062 3090 et
1083 3025 1236 3114 quicquid
1256 3036 1486 3091 tormentorum
1507 3027 1541 3089 in
1562 3044 1683 3111 genere

262 3137 320 3193 est.
364 3125 400 3191 si
423 3127 494 3214 quis
516 3132 630 3190 contra
653 3126 898 3213 permissionem
920 3125 1148 3211 magistrorum
1170 3124 1226 3191 illa
1246 3123 1367 3190 habere
1388 3133 1447 3189 ant
1465 3122 1595 3189 omnino
1618 3120 1682 3187 ullo

260 3230 294 3293 in
317 3224 525 3291 contubernio
546 3223 724 3290 obversans
746 3222 799 3291 die
820 3235 958 3291 noctuve
979 3235 1108 3311 gestare
1130 3247 1228 3289 ausus
1249 3224 1359 3307 fuerit,
1381 3222 1552 3289 mulctetur
1574 3243 1596 3286 a
1616 3242 1682 3286 ma·

262 3328 371 3414 gistris
401 3323 583 3412 quadrante
611 3324 720 3390 florini
750 3335 782 3391 et
808 3323 949 3391 renitens
979 3347 1019 3389 ac
1046 3323 1198 3390 mulctam
1228 3323 1354 3390 solvere
1381 3345 1536 3389 recusans
1564 3320 1685 3387 rectori

220 3425 481 3491 ttuniversitatis
504 3423 673 3490 indicetur.

884 3577 991 3642 Caput
1009 3577 1057 3629 11.

346 3707 537 3796 Quicunque
574 3707 805 3794 magistrorum
835 3708 1042 3795 conspexerit
1072 3709 1107 3773 in
1136 3707 1201 3773 ullo
1232 3706 1362 3796 public-o
1393 3708 1584 3795 privatoque
1613 3705 1686 3773 loeo

264 3807 441 3894 discipulos
468 3810 623 3890 rixantes,
647 3807 885 3890 tumultuantes,
916 3807 1140 3894 confligentes,
1168 3830 1302 3895 operam
1331 3807 1437 3889 dabit,
1467 3817 1502 3871 ut
1523 3807 1686 3872 contentio

266 3905 396 3973 sedetur
418 3917 450 3973 et
470 3919 505 3971 ut
526 3916 654 3972 autores
677 3907 860 3994 puniantru.
902 3906 1057 3972 Similiter
1083 3909 1139 3995 qui
1170 3907 1279 3972 datum
1303 3907 1456 3971 damnum
1481 3905 1581 3971 rebus
1612 3928 1686 3972 con·

223 4007 406 4073 totubernii
427 4008 616 4092 cognoverit
643 4015 676 4071 et
703 4005 971 4087 dissimulaverit,
998 4007 1027 4072 is
1057 4009 1147 4090 scito,
1177 4029 1212 4071 se
1238 4004 1425 4070 fidelitatem
1451 4005 1597 4071 debitam
1616 4007 1686 4071 uni-

263 4107 412 4171 versitati
430 4116 561 4170 nostrae
583 4104 722 4171 violasse
748 4114 789 4187 et,
812 4107 882 4170 sive
909 4105 950 4170 de
977 4105 1093 4171 fraude
1117 4128 1175 4170 seu
1200 4105 1241 4170 de
1269 4105 1465 4192 negligentia
1484 4107 1591 4193 ipsius
1613 4127 1686 4172 con·

266 4206 398 4289 stiterit,
430 4226 553 4293 poenas
584 4208 718 4270 meritas
750 4204 989 4291 persoluturum
1009 4227 1088 4271 esse.
1131 4205 1200 4291 Ipsi
1230 4207 1379 4291 magistri
1408 4204 1513 4269 modis
1537 4203 1687 4271 omnibus

261 4327 399 4392 operam
432 4302 572 4386 dabunt,
605 4315 640 4369 ut
672 4304 846 4392 discipulos
875 4314 907 4370 et
937 4303 1185 4370 contubernales
1215 4326 1280 4370 non
1313 4304 1415 4369 solum
1448 4305 1596 4370 oratione
1628 4302 1687 4369 scd

265 4407 363 4471 etiam
383 4405 453 4468 vita
475 4426 535 4469 sua
554 4405 724 4487 instruant,
746 4405 895 4491 inprimis
915 4403 1079 4469 levitatem
1100 4414 1132 4469 et
1152 4404 1384 4490 turpitudinem
1405 4403 1566 4469 <limorum
1586 4402 1686 4469 facto·

224 4515 256 4570 35
266 4526 379 4569 rumve
417 4502 459 4569 ab
488 4503 616 4569 illorum
644 4505 745 4570 oeulis
773 4515 805 4569 et
834 4503 967 4570 auribus
1002 4502 1228 4585 removebunt,
1262 4504 1412 4568 convivia
1445 4503 1686 4591 intempestiva,

266 4604 446 4693 potationes
469 4603 639 4687 deformes,
661 4604 762 4688 rixas,
791 4602 925 4670 scuriles
946 4601 1036 4669 lusus
1057 4602 1200 4668 vitando.
1236 4602 1302 4684 Qui
1325 4602 1582 4686 contrafecerit,
1607 4601 1686 4668 mul·

267 4713 352 4769 etam
371 4704 466 4768 unius
486 4702 595 4770 florini
616 4702 742 4769 solvito.

896 4822 1003 4887 Caput
1020 4823 1052 4873 X.

349 4953 541 5019 Rectissime
563 4951 693 5040 quidem
719 4953 928 5038 praecipitur,
957 4951 1217 5019 assuefaciendos
1239 4974 1311 5019 esse
1333 4950 1375 5016 ad
1401 4972 1495 5017 usum
1515 4949 1684 5017 locutionis

227 5054 388 5121 dolatinae
410 5052 569 5118 studiosos
591 5052 721 5138 linguae
740 5052 841 5135 illius;
870 5052 928 5117 sed
947 5052 1017 5135 hoe,
1038 5055 1102 5119 nisi
1122 5075 1202 5117 vera
1222 5053 1350 5119 ratione
1370 5049 1437 5135 fiat,
1458 5060 1561 5117 nocet
1601 5050 1684 5117 Nam

270 5164 390 5219 temere
418 5173 607 5241 quacunque
633 5152 744 5238 lingua
771 5152 836 5234 usi,
864 5154 1035 5218 veritatem
1061 5151 1149 5218 illius
1177 5152 1266 5219 mala
1290 5149 1522 5219 mnsuemdinc
1542 5172 1681 5221 corrum-
