3756 6158
596 484 682 538 Achte
700 488 969 551 Statutenredaction,
987 504 1048 540 vam
1070 489 1152 540 Jahre
1175 485 1244 541 1558.
1570 487 1626 552 521

206 690 293 733 nova
313 692 378 736 non
400 680 572 735 mutantur.
615 669 651 736 Si
678 671 755 757 quid
777 683 883 738 tamen
911 673 1108 760 experiendo
1130 674 1234 737 minus
1257 692 1435 756 congruere
1456 667 1628 749 videbitur,

206 766 248 832 de
278 792 315 834 eo
348 771 400 835 vel
431 770 572 835 decanus
604 770 656 836 vel
696 771 795 856 alius,
827 773 883 860 qui
918 773 1198 855 animadverterit,
1232 770 1274 836 ad
1308 770 1475 836 consilium
1509 770 1630 834 referre

205 879 335 954 potent.

706 1023 753 1072 DE
775 1023 953 1074 Docuama
974 1025 1132 1074 PUBLICA.

835 1162 944 1226 Caput
963 1163 1008 1212 VI.

281 1304 483 1372 Publicae
505 1306 721 1372 doctrinae
743 1317 781 1372 et
801 1308 1043 1373 ordinariae
1064 1308 1205 1374 modus
1227 1317 1266 1373 et
1289 1309 1399 1375 ratio
1423 1330 1560 1374 serva·

791 1406 906 1472 bitur
933 1406 1046 1474 talis.

256 1572 269 1619 1
291 1553 355 1618 Uni
378 1557 593 1621 committetur
614 1558 806 1643 optimorum
835 1568 982 1624 autorum
1005 1557 1172 1644 utriusque
1198 1555 1328 1642 linguae
1355 1558 1577 1644 interpretatio
1600 1565 1632 1620 et

290 1664 434 1719 veterum
457 1656 652 1742 scriptorum
679 1658 851 1740 enarratio,
879 1667 911 1723 11
935 1657 989 1722 bic
1014 1655 1151 1742 singulis
1174 1658 1268 1721 annis
1290 1656 1429 1739 videbit,
1453 1667 1487 1721 11
1510 1654 1631 1743 aliquid

291 1752 468 1819 ethicorum
491 1754 760 1844 politicorumquc
782 1756 940 1825 librorum
960 1756 1146 1822 Aristotelis
1168 1756 1319 1843 explicet.
1642 1763 1673 1817 10

243 1887 268 1934 11
292 1868 356 1934 Uni
378 1870 657 1936 Aristotelicorum
686 1872 844 1937 librorum
872 1895 1063 1959 graecorum
1085 1871 1271 1960 explicatio,
1299 1873 1353 1958 qui
1376 1895 1508 1958 operam
1530 1871 1630 1952 dabit,

290 1980 326 2033 ut
347 1968 462 2034 crebro
484 1969 528 2035 ad
550 1969 740 2036 dialecticen
762 1973 960 2058 pertinentes
981 1971 1057 2037 libri
1078 1972 1278 2038 Aristotelici
1298 1982 1495 2037 enarrentur.

231 2102 270 2150 111
292 2083 384 2150 Unus
418 2085 719 2152 mathematicorum
753 2087 1000 2176 disciplinarum
1037 2091 1233 2181 praecipuus
1267 2090 1384 2154 artifex
1425 2089 1632 2176 praeficiatur

290 2184 456 2250 doctrinae
476 2185 571 2251 buius
592 2186 829 2273 gubernationi.

216 2300 268 2348 1111
289 2283 330 2347 Ei
358 2281 496 2348 addetur
524 2284 615 2367 alter,
642 2290 698 2374 qui
727 2286 858 2353 assiduo
885 2287 1121 2352 arithmeticam
1144 2297 1175 2351 et
1195 2286 1377 2372 logisticam
1402 2298 1433 2351 et
1454 2285 1674 2351 distinctio-15

290 2404 365 2446 nem
392 2383 502 2449 mundi
533 2386 707 2451 secundnm
734 2385 918 2473 exemplum
941 2383 1005 2473 [13]
1030 2386 1189 2473 sphaerae
1217 2388 1385 2472 κρικωτῇς,
1414 2409 1511 2474 quam
1535 2396 1631 2450 mato·

289 2480 402 2546 rialem
423 2495 592 2566 vocarunt,
614 2496 774 2572 proponat
795 2496 826 2550 et
845 2485 955 2550 tradat
975 2484 1127 2552 docendo.

245 2599 269 2645 v
289 2580 450 2646 Doctrina
472 2580 513 2646 de
535 2586 642 2648 causis
674 2595 706 2649 et
727 2594 861 2666 natura,
890 2607 973 2671 quae
1001 2595 1050 2649 est
1077 2584 1248 2672 physicae,
1277 2584 1409 2650 habebit
1437 2584 1633 2673 peculiarem

289 2689 321 2745 et
352 2681 426 2766 ipsa
460 2682 694 2767 professorem,
727 2693 793 2747 tam
828 2683 1056 2747 elementorum
1090 2684 1264 2749 secuudum
1293 2683 1438 2773 Philippi
1470 2684 1634 2750 Melanch·

289 2778 395 2843 thonis
418 2778 735 2861 demonstrationem,
757 2804 853 2868 quarn
874 2781 1031 2846 librorum
1051 2781 1235 2849 Aristotelis
1258 2783 1299 2848 de
1320 2796 1437 2848 natura
1458 2796 1490 2849 et
1511 2796 1607 2849 motu.
1641 2793 1674 2848 20

232 2912 266 2959 v1
289 2894 444 2960 Similiter
483 2896 673 2962 rhetoricae.
714 2898 805 2962 Haec
838 2909 946 2963 autem
975 2921 1075 2985 opera
1107 2908 1138 2961 et
1174 2898 1367 2979 Quintiliani
1400 2909 1431 2964 11
1464 2901 1630 2966 Ciceronis

291 2996 421 3082 scriptis
442 2995 646 3082 explicandis
674 2998 888 3083 impendetur,
918 3008 951 3061 ct
972 2995 1084 3061 eadem
1112 2996 1340 3082 complectetur
1368 2998 1524 3063 elementa
1553 3001 1633 3063 artis

289 3094 383 3159 buius
404 3095 580 3158 secundum
603 3094 745 3160 libellum
768 3096 945 3176 Ciceronis,
970 3098 1020 3160 cui
1043 3118 1157 3159 nomen
1179 3097 1378 3182 partitiones.
1418 3097 1500 3161 ’1111
1524 3098 1633 3184 physi-

292 3217 349 3260 cus
378 3205 486 3258 autem
506 3197 540 3260 in
561 3195 706 3282 Philippi
727 3194 984 3261 Melanchthonis
1011 3193 1118 3259 libello
1146 3217 1242 3281 quarn
1269 3195 1447 3260 rhetoricus
1470 3199 1633 3282 professor

288 3295 322 3358 in
351 3293 413 3358 hoc
443 3293 610 3360 Ciceronis
643 3294 825 3360 enarrando
855 3294 1066 3382 occupabitur
1095 3294 1232 3380 singulis
1262 3294 1479 3359 trimestribus
1506 3297 1674 3381 integrato

288 3416 398 3458 mense
420 3415 493 3459 uno.

218 3511 266 3559 vn
289 3492 441 3558 Poeticus
463 3494 627 3580 professor
642 3493 858 3579 virgilianam
880 3495 995 3580 poesin
1016 3502 1047 3557 et
1068 3491 1282 3557 Terentianae
1310 3493 1474 3559 comedias
1503 3493 1632 3559 ordina·

288 3592 347 3657 riis
368 3593 494 3658 vicibus
516 3591 694 3681 explicabit
715 3603 747 3657 et
774 3592 881 3658 studia
911 3591 1143 3678 discipulorum
1171 3590 1309 3657 deducet
1335 3593 1379 3659 ad
1407 3617 1519 3659 curam
1548 3617 1630 3658 corn-

290 3691 434 3778 ponendi
456 3715 578 3759 versus.

202 3809 265 3857 vln
287 3790 490 3856 Dialecticae
522 3789 679 3856 elementa
713 3790 859 3855 similiter
887 3789 994 3855 tradet
1025 3815 1107 3856 unus
1137 3793 1247 3879 pueris
1278 3792 1454 3858 secundum
1487 3792 1673 3859 libellumoo

287 3888 432 3977 Philippi
443 3889 709 3972 Melanchtbonis,
730 3892 819 3954 errius
839 3898 1014 3976 praecepta
1030 3890 1196 3956 enarrabit
1217 3901 1249 3957 et
1269 3891 1403 3974 videbit,
1425 3902 1461 3957 ut
1481 3890 1632 3979 discipuli

288 3989 343 4055 illa
365 3991 557 4077 percipiant.

229 4107 267 4155 111
289 4089 434 4176 Itemque
456 4112 537 4155 unus
561 4087 738 4153 secundum
760 4086 902 4152 eiusdem
927 4088 1050 4153 autoris
1071 4087 1196 4154 libellos
1220 4088 1378 4154 elementa
1398 4091 1632 4175 grammaticae

288 4199 353 4253 tarn
376 4211 514 4274 graecae
540 4211 636 4274 quam
663 4186 795 4269 latinae,
824 4188 1042 4274 sesquimense
1063 4188 1151 4253 vices
1179 4187 1347 4254 doctrinae
1368 4188 1463 4253 111111
1492 4190 1631 4253 miscens

288 4298 320 4352 et
341 4289 524 4375 praeceptis
552 4287 592 4352 de
620 4288 752 4374 syntaxi
781 4285 961 4369 adiungens
986 4285 1120 4350 Linacri
1146 4288 1268 4374 scripta
1290 4297 1321 4352 et
1346 4287 1508 4353 interdurn
1530 4289 1669 4352 inter-35

289 4410 413 4475 ponens
436 4383 500 4474 [14]
523 4388 633 4473 graeci
655 4387 777 4451 autoris
799 4384 986 4472 opusculum
1010 4384 1152 4472 aliquod,
1179 4387 1297 4475 inquo
1319 4389 1428 4475 pueris
1449 4386 1631 4451 indicentur

226 4492 229 4497 '
288 4485 438 4574 exempla
460 4496 715 4574 praeceptorum.

287 4638 399 4705 Horae
420 4645 528 4702 autem
550 4637 596 4702 ita
616 4635 849 4701 distribuentur
867 4633 928 4698 boc
949 4632 1061 4699 modo:

835 4786 870 4832 v1
891 4767 972 4833 hora
994 4765 1161 4854 physicae,

674 4866 770 4932 blane
810 4884 870 4933 v111
892 4865 1091 4949 dialecticae,

830 4983 865 5031 111
890 4965 1146 5049 mathematicae,
