3756 6158
748 473 798 523 Die
817 475 1036 538 philosophische
1052 476 1179 527 Faculttt.

482 707 484 716 ἱ
583 685 797 778 Xl.‘[Bl.161,]
818 707 1341 760 carrrouununnncmnu

297 837 464 905 Statuta
499 850 716 906 taxatores
748 841 970 907 facultatis
997 843 1305 926 concernentia,
1333 864 1437 931 quae
1464 843 1528 908 eis
1556 841 1637 928 legi

378 938 526 1004 debent
548 949 730 1027 tempore
751 943 983 1007 taxationis
1006 965 1076 1028 per
1098 942 1315 1025 decanum,
1335 953 1375 1007 et
1394 953 1557 1029 tempus

605 1039 791 1105 finiendi
818 1041 1018 1106 lectiones
1045 1053 1085 1106 et
1106 1043 1322 1107 exercitia

211 1209 227 1264 5
574 1212 600 1270 l.
630 1224 803 1284 QUAlrlTER
825 1225 1030 1283 TAXATORES
1053 1226 1190 1274 TAXARE
1210 1224 1361 1272 DEBEN'I'.

336 1335 458 1421 Placet,
488 1339 575 1425 quod
601 1339 648 1418 in
662 1336 823 1427 principio
852 1341 1024 1407 cuiuslibet
1052 1341 1239 1406 mutationis
1261 1361 1320 1425 per
1342 1338 1503 1404 decanum
1526 1350 1560 1405 et
1580 1339 1672 1406 facul·

255 1443 354 1500 tatem
384 1436 545 1523 eligantur
560 1445 705 1523 ‘quatuor
725 1449 908 1523 taxatores,
930 1443 976 1506 ita
996 1439 1088 1528 quod
1105 1441 1169 1529 sint
1190 1449 1255 1503 tres
1277 1440 1428 1525 magistri
1447 1440 1484 1503 in
1505 1439 1621 1505 ordine
1639 1439 1675 1504 de

255 1534 388 1600 consilio
403 1536 577 1620 facultatis,
595 1539 687 1602 iuxta
700 1538 845 1604 ordinem
867 1541 949 1605 senii
971 1538 1129 1622 sedentes,
1152 1539 1221 1619 sine
1242 1538 1424 1605 differentia
1443 1542 1628 1623 nacionum,
1647 1550 1676 1604 ct

255 1633 397 1700 decanus
411 1645 562 1722 quartus3
580 1648 613 1702 et
623 1639 677 1702 isti
694 1638 871 1704 secundum
889 1638 1020 1704 modum
1040 1639 1281 1725 infrascriptum
1301 1647 1418 1704 taxare
1439 1637 1572 1721 debent,
1592 1639 1675 1704 vide

216 1733 332 1798 lolicet
352 1734 438 1819 quod
459 1759 519 1822 pro
540 1736 731 1802 lectionibus
753 1746 785 1804 et
807 1740 979 1804 exerciciis
998 1741 1158 1825 recipiant
1181 1746 1285 1803 totum
1304 1759 1326 1802 a
1345 1737 1504 1803 divitibus
1527 1748 1560 1802 et
1581 1737 1675 1807 domi-

260 1832 349 1897 cellis
371 1843 403 1897 ct
424 1833 511 1918 aliis,
540 1840 595 1924 qui
616 1835 760 1916 hicanis
787 1840 930 1925 propriis
962 1835 1018 1903 aut
1049 1862 1182 1905 suorum
1211 1838 1401 1925 perenm,
1424 1839 1610 1903 amicornm
1627 1837 1674 1903 vel

256 1933 515 1999 eciam'aliorum
537 1936 709 2023 stipendiis
734 1947 766 2004 et
787 1940 940 2026 expensis
966 1937 1114 2028 militant
1155 1936 1209 2001 Ab
1237 1935 1316 2002 aliis.
1338 1958 1432 2013 vero,
1453 1938 1510 2024 qui
1531 1938 1568 2002 in
1588 1947 1675 2025 parte

254 2032 307 2097 vel
326 2035 360 2096 in
382 2042 448 2099 toto
471 2056 506 2098 se
526 2033 692 2102 laboribus
720 2058 872 2102 manuum
901 2060 1033 2103 suarum
1060 2046 1115 2102 aut
1144 2037 1292 2100 serviciis
1319 2037 1467 2101 nutriunt
1492 2046 1527 2102 et
1554 2046 1675 2102 susten·

258 2140 344 2214 tant,
365 2155 424 2218 pro
446 2132 638 2200 lectionibus
658 2146 777 2220 totum3
806 2160 865 2224 pro
886 2138 1057 2202 exerciciis
1076 2159 1169 2218 vero,
1183 2158 1255 2222 pro
1276 2144 1312 2199 ut
1333 2135 1379 2200 eis
1400 2133 1540 2201 videtur.
1584 2135 1673 2217 Quod

217 2242 366 2297 tatamen
388 2224 627 2318 ad'gratiosaui
649 2244 681 2300 et
702 2238 781 2301 satis
802 2237 963 2302 modicam
991 2236 1167 2324 peccuniae
1194 2245 1351 2299 summam
1379 2242 1496 2300 taxata
1525 2246 1614 2320 sunt,
1638 2236 1674 2301 de

257 2330 345 2397 facili
367 2331 408 2396 ab
433 2354 472 2396 ea
492 2356 558 2398 non
578 2335 740 2400 recedant.
783 2335 848 2401 Sed
869 2337 911 2402 ab
934 2337 1062 2401 omnino
1091 2332 1307 2422 pauperibus,
1328 2332 1490 2399 redimere
1520 2337 1672 2422 signetum

256 2430 488 2496 adecanonon
499 2432 691 2517 valentibus,
709 2435 808 2501 nichil
828 2437 958 2502 omnino
977 2436 1145 2522 recipiant.
1188 2431 1277 2497 Idem
1298 2431 1339 2497 de
1357 2432 1489 2499 famulis
1511 2433 1671 2501 doctorum

259 2539 292 2595 et
305 2532 534 2617 magistrorum
551 2532 750 2621 intelligitur,
772 2537 819 2600 ita
835 2546 943 2600 tamen
961 2535 1048 2622 quod
1068 2531 1205 2621 quilibet
1225 2555 1335 2598 eorum
1355 2555 1419 2598 uno
1440 2533 1598 2601 sammulo
1617 2558 1672 2620 quo

259 2629 302 2694 ad
323 2624 413 2695 huno
429 2653 541 2724 casum
562 2633 604 2697 sit
625 2642 803 2700 contentus.
1451 2667 1454 2670 ⁴

213 2803 247 2860 to
339 2800 369 2862 2.
384 2793 602 2864 'samsones
623 2817 784 2868 mansur
805 2782 987 2884 stomin,
1010 2817 1057 2866 ao
1079 2817 1175 2877 onan
1193 2814 1378 2864 aaronem
1400 2775 1601 2866 raccnrmu

769 2917 977 2967 contactam
999 2917 1046 2965 DE
1069 2916 1170 2963 Tm.
1245 2937 1247 2940 >

343 3026 486 3112 Placuit,
504 3030 599 3118 'quod
628 3029 769 3097 decanus
803 3042 836 3098 ct
863 3035 912 3099 sui
940 3043 1108 3108 taxatores
1135 3038 1295 3118 reponant
1317 3031 1511 3117 peccuniam
1533 3031 1670 3098 electio

257 3130 353 3196 nibus
376 3138 408 3194 et
429 3131 598 3197 exerciciis
620 3129 786 3197 collectam
807 3126 959 3197 in'unom
980 3131 1133 3213 ladulam,
1156 3153 1214 3217 per
1228 3129 1415 3195 facultatem
1436 3130 1481 3195 ad
1502 3130 1566 3197 hoc
1580 3130 1670 3220 depu-

259 3240 370 3312 tatam,
393 3252 464 3294 curn
485 3229 588 3294 tribus
611 3228 776 3315 clavibus,
798 3254 879 3319 quas
900 3231 988 3318 apud
1011 3254 1045 3296 se
1066 3229 1208 3296 habeant
1227 3240 1293 3295 tres
1316 3231 1467 3316 magistri
1497 3238 1671 3311 taxatores,

219 3329 317 3394 25sed
337 3328 481 3394 ladulam
504 3330 572 3395 sine
593 3329 685 3395 clave
705 3331 826 3396 habeat
850 3330 939 3418 apud
966 3353 1000 3395 se
1029 3330 1186 3411 decanus,
1208 3339 1240 3394 et
1265 3330 1473 3416 imponantur
1503 3331 1611 3396 omnia
1632 3352 1670 3394 re

258 3431 361 3514 gistra
374 3427 547 3493 lectionum
567 3439 598 3493 et
620 3431 862 3511 exerciciorum,
884 3431 1057 3495 taxacione
1079 3431 1145 3494 suis
1167 3429 1296 3492 statutis
1319 3427 1434 3493 dicbus
1454 3427 1618 3516 expedita,
1635 3427 1670 3493 ad

260 3527 413 3618 eandem;
441 3537 473 3592 et
501 3530 689 3614 peccuniam
718 3528 885 3593 collectam
914 3530 1080 3615 magistris
1107 3526 1289 3614 legentibus
1317 3538 1350 3591 ct
1376 3526 1669 3615 disputantibuasi

261 3626 468 3713 diligenciam
491 3628 557 3691 suis
576 3626 704 3692 actibus
728 3627 1105 3723 adhibuerint,fideliter
1128 3649 1185 3691 suo
1205 3636 1350 3713 tempore
1371 3637 1590 3715 praesentent.

216 3803 251 3858 30
342 3784 369 3861 3'.
393 3809 598 3858 rsxnroans
618 3810 691 3858 nou
711 3812 852 3859 nnsnnr
875 3810 1044 3859 asennaa
1066 3807 1353 3874 ancocmcronns,
1376 3807 1443 3856 sun
1459 3809 1601 3857 umen

641 3910 877 3974 sonucmusn,
906 3910 952 3956 nr
974 3910 1020 3955 nn
1043 3909 1153 3956 rasso
1176 3908 1307 3956 nonen.

343 4026 525 4093 Taxatorcs
560 4027 701 4093 habeant
736 4026 777 4090 de
811 4025 954 4111 qualibet
990 4025 1123 4110 antiqua
1160 4044 1323 4109 sexagena
1351 4045 1412 4109 pro
1439 4032 1521 4087 taxa
1550 4021 1671 4087 collecta

263 4148 360 4188 unum
375 4149 524 4211 grossum
544 4150 603 4214 pro
626 4149 684 4192 suo
704 4125 816 4191 labore
833 4126 930 4220 'iuxta
954 4116 1121 4209 antiquum
1142 4140 1263 4186 morem
1285 4121 1441 4187 hactenus
1465 4121 1671 4187 observatam.

259 4223 303 4288 Et
332 4248 535 4313 nequaquam
563 4229 722 4313 recipiant
759 4225 1001 4310 recogniciones
1036 4223 1265 4308 magistrorum
1296 4243 1357 4307 pro
1388 4219 1557 4286 celerata¹
1589 4221 1670 4285 satis·

259 4325 409 4406 factione,
433 4325 490 4390 sed
506 4325 627 4391 realem
640 4327 816 4413 peccuniae
828 4323 1095 4389 numeracionem.
1134 4320 1169 4386 si
1192 4329 1299 4385 autern
1320 4321 1518 4386 eontrarium
1539 4322 1671 4400 fecerint,

219 4432 252 4488 3⁵
263 4421 303 4487 de
320 4446 379 4487 sua
394 4426 529 4511 propria
549 4427 706 4512 peccunia
728 4423 902 4489 lectoribus
925 4432 956 4489 et
978 4419 1205 4486 exercentibus
1229 4419 1441 4504 satisfaciant,
1462 4430 1496 4486 et
1515 4420 1601 4486 ultra
1619 4420 1672 4485 hoc

261 4522 435 4589 arbitrarie
456 4547 515 4611 per
538 4524 722 4589 facultatem
744 4525 929 4611 puniantur.

740 4696 769 4755 4.
788 4706 836 4753 DE
859 4704 1023 4753 TEMPORE
1045 4702 1210 4751 raxam.

348 4820 468 4887 Statuit
487 4821 624 4887 facultas
646 4823 785 4905 arcium,
807 4819 893 4907 quod
910 4819 1057 4885 ¹decanus
1080 4840 1152 4882 cum
1173 4817 1241 4881 suis
1262 4815 1468 4881 taxatoribus
1489 4817 1670 4882 conveniant

263 4920 305 4985 ad
328 4920 507 4986 taxandum
538 4921 692 4987 lectiones
720 4929 753 4985 et
787 4920 948 4985 exercicia
975 4920 1009 4982 in
1035 4915 1178 5005 qualibet
1203 4915 1387 4981 mutacione
1417 4912 1502 5003 [17⁸]
1533 4915 1670 4981 adminus

348 5141 359 5190 1
378 5135 564 5193 Geschrieben
581 5137 656 5193 steht
673 5134 806 5191 colorata.
