3756 6158
248 454 309 521 316
746 464 795 514 me
814 465 1031 529 philosophische
1047 467 1174 520 secutus.

249 645 409 720 consueto,
440 640 615 707 secundum
637 643 671 708 in
698 645 816 712 ieiunio
841 647 1181 733 baccalariandorum3
1211 649 1245 713 in
1272 659 1394 714 aestate
1416 649 1568 716 similiter
1596 651 1671 717 fiant

249 734 313 802 duo
335 741 485 805 examina
508 741 839 829 baccalariandorum,
862 770 959 813 unum
982 750 1070 814 circa
1091 750 1207 814 festum
1229 749 1463 835 penthecostes,
1494 751 1667 816 secundum

252 835 339 902 circa
358 838 475 904 festum
497 844 600 907 sancti
620 842 798 910 Michaelis.

332 943 361 1004 6.
389 938 469 1003 Item
496 941 601 1006 nullus
629 944 764 1031 incipiat
792 944 900 1030 legere
924 945 1064 1034 aliquem
1090 947 1209 1012 librum
1237 945 1280 1012 ad
1309 947 1449 1032 gradum
1472 958 1672 1036 spectantem

208 1041 224 1096 5
250 1044 325 1099 ante
344 1037 461 1103 festum
483 1042 587 1105 sancti
609 1040 722 1108 (ieorii
743 1050 806 1121 (23.
829 1049 943 1127 April),
972 1047 1035 1111 nisi
1057 1045 1374 1112 cuiusmedietatem
1400 1046 1540 1134 legendo
1563 1071 1671 1115 secun·

250 1130 326 1198 dum
347 1144 468 1204 statuta
488 1140 651 1206 facultatis
674 1145 777 1229 possit
797 1143 890 1210 finire
912 1154 986 1210 ante
1005 1147 1120 1211 festum
1142 1145 1354 1232 praedictum.

335 1243 361 1299 7.
390 1235 470 1301 Item
489 1238 595 1304 nullus
623 1244 853 1327 magistrorum
880 1243 920 1309 de
942 1255 1048 1311 cetero
1073 1247 1209 1332 incipiat
1236 1247 1432 1310 exercicium
1456 1246 1676 1335 vespertinum

251 1343 326 1398 ante
346 1337 475 1400 tertiam
497 1337 621 1420 boram,
649 1340 709 1405 sub
735 1339 839 1428 poena
861 1351 880 1410 4
899 1366 1087 1428 grossorum
1113 1368 1172 1433 per
1193 1344 1351 1410 decanum
1372 1342 1676 1431 extorquendorum.

332 1438 361 1501 8.
389 1434 469 1499 Item
498 1436 639 1503 decanus
671 1450 703 1504 et
731 1440 866 1528 quilibet
894 1444 1097 1510 examinator
1130 1466 1238 1509 coram
1268 1443 1422 1509 facultate
1449 1451 1578 1508 tenetur
1605 1467 1675 1530 pro·

214 1533 391 1616 lssmittere,
412 1535 497 1622 quod
522 1535 637 1622 dignos
657 1538 736 1603 velit
757 1539 927 1607 admittere
950 1542 1010 1608 sub
1031 1543 1094 1608 hac
1114 1544 1234 1609 forma:
1271 1543 1364 1629 „Ego
1387 1542 1436 1607 .N.
1456 1543 1491 1608 in
1511 1544 1675 1609 conscien-

251 1633 302 1695 cia
322 1655 395 1698 mea
416 1637 579 1721 promitto,
601 1637 688 1723 quod
710 1637 825 1724 dignos
846 1639 890 1705 ad
909 1642 1007 1706 istum
1027 1642 1165 1728 gradum
1181 1641 1255 1708 volo
1278 1644 1450 1709 admittere
1462 1646 1504 1707 'et
1523 1641 1673 1728 indignos

250 1732 371 1796 reicere
393 1732 444 1797 vel
467 1736 694 1823 restringere.“
735 1736 780 1801 Et
808 1737 916 1803 taliter
943 1743 1111 1807 restrictus
1136 1751 1211 1807 ante
1239 1742 1333 1808 finem
1360 1741 1520 1828 temporis
1547 1743 1674 1806 restric

251 1831 352 1896 cionis
372 1854 436 1896 non
457 1835 590 1922 incipiet
611 1836 663 1903 vel
685 1837 928 1921 determinabit,
959 1851 991 1904 et
1010 1840 1273 1908 talis-restriccio
1294 1840 1425 1930 publice
1444 1850 1477 1906 et
1497 1843 1577 1906 viva
1596 1862 1681 1906 voce

251 1951 358 1995 coram
380 1933 528 1998 omnibus
547 1943 624 2000 tunc
645 1934 797 2003 admissis
820 1959 879 2025 per
901 1938 1058 2004 decanum
1080 1941 1204 2007 dicetur
1231 1945 1312 2029 ipsis
1337 1942 1507 2025 restrictis,
1536 1962 1595 2007 suo
1612 1939 1677 2005 'snb

211 2029 439 2097 ttiuramento.
484 2027 490 2042 '

333 2134 362 2194 9.
389 2130 471 2196 Item
494 2131 628 2200 admissi
653 2135 798 2201 locentur
824 2147 899 2224 post
926 2137 1073 2223 quartale
1099 2141 1176 2205 anni
1203 2137 1379 2209 secundum
1402 2138 1540 2205 formam
1563 2143 1671 2206 stamti

250 2250 378 2314 pnorrs.
1305 2260 1311 2268 ’

945 2359 1132 2371 ..μ-.-.ᾑ-

753 2461 1156 2525 -25.v0m.12hr01421.

335 2580 394 2670 [Bl.
415 2582 487 2672 54⁸]
515 2584 610 2653 Auno
632 2587 755 2655 Christi
775 2589 827 2653 Μ0
849 2588 1065 2656 CCCCXXI⁰
1094 2587 1230 2653 sabbato
1255 2596 1330 2651 ante
1350 2585 1469 2666 festum
1500 2587 1603 2653 sancti
1622 2587 1664 2652 lo

209 2681 368 2747 bohannis
389 2684 552 2771 baptistae
573 2693 665 2764 (1421
691 2695 748 2751 des
769 2694 818 2755 21.
839 2692 929 2763 Juni)
958 2687 1180 2755 indecanatu
1201 2687 1350 2772 magistri
1371 2685 1463 2751 Petri
1486 2685 1535 2751 de.
1548 2685 1664 2751 Preme·

251 2781 338 2846 lavia
358 2783 391 2847 in
414 2783 508 2870 pleno
530 2786 662 2852 consilio
684 2787 855 2853 facultatis
869 2786 1073 2852 concorditer
1094 2787 1303 2873 infrascripta
1323 2794 1398 2850 sunt
1417 2794 1547 2851 statuta

449 2923 476 2983 t.
497 2935 533 2983 m
555 2936 649 2996 Quor
670 2936 864 2986 nanscrcns
885 2936 1150 2985 ularsrmrmus
1172 2936 1280 2984 srsns
1303 2935 1475 2983 renerus.
1498 2924 1500 2929 “

332 3033 493 3118 Primum,
525 3033 630 3101 nullus
658 3036 713 3101 ad'
727 3036 864 3122 gradum
891 3036 1070 3122 magisterii
1102 3046 1176 3122 post
1205 3034 1343 3120 gradum
1372 3033 1615 3102 baccalariatus
1638 3036 1666 3100 in

252 3133 376 3200 artibus
402 3134 604 3200 admittatur¹
626 3170 667 3182 -
694 3146 824 3223 praeter
850 3137 1000 3222 proxime
1021 3135 1064 3200 ad
1086 3135 1309 3221 magisterium
1328 3135 1364 3199 in
1385 3132 1512 3199 artibus
1533 3133 1663 3200 liberali·

211 3234 313 3299 asbus
342 3235 595 3320 promovendos²
628 3271 669 3282 -
705 3235 769 3298 nisi
802 3236 894 3321 prius
924 3234 1049 3300 steterit
1077 3235 1111 3298 in
1145 3235 1285 3321 quinque
1318 3230 1490 3299 exerciciis
1521 3232 1563 3299 de
1593 3234 1668 3299 infrs

253 3335 392 3419 scriptis,
420 3333 543 3399 scilicet
571 3333 847 3421 methaphysicae,
874 3334 1061 3421 etbycorum
1093 3341 1190 3423 (quae
1223 3332 1318 3399 ambo
1347 3342 1422 3398 sunt
1448 3334 1668 3412 necessitatis),

252 3432 489 3499 metbeororum
518 3445 550 3498 et
576 3437 611 3498 in
640 3435 752 3520 parvis
780 3432 982 3499 naturalibus
1011 3457 1071 3521 pro
1101 3457 1175 3515 uuo,
1206 3434 1241 3498 in
1268 3432 1309 3498 de
1338 3431 1408 3498 celo
1438 3441 1470 3497 et
1499 3431 1669 3497 mundoet

251 3535 463 3617 generacione
492 3556 552 3619 pro
575 3555 649 3614 uuo,
676 3532 897 3619 physicorum,
923 3557 1008 3598 nova
1031 3535 1126 3620 loyca
1145 3533 1198 3598 vel
1226 3535 1260 3596 in
1283 3531 1467 3619 sophistria,
1497 3530 1667 3619 dequibus

252 3632 373 3697 ultimis
401 3635 541 3722 quinque
563 3634 626 3697 tria
648 3633 817 3719 capiantur
840 3631 1016 3696 secundum
1043 3632 1200 3720 placitum
1228 3632 1297 3696 sive
1327 3629 1524 3696 secundum³
1545 3629 1667 3695 eleccic

209 3740 325 3796 sonem
348 3733 531 3818 promoveri
553 3730 733 3816 vplencium
755 3730 807 3795 vel
827 3731 861 3794 in
885 3733 1072 3818 praemissis
1095 3733 1278 3814 exercitari,
1307 3729 1367 3796 sub
1390 3752 1497 3817 poena
1518 3751 1585 3795 non
1604 3751 1667 3816 pro

251 3831 406 3896 mocionis
428 3829 469 3895 ad
491 3828 631 3916 gradum
652 3830 832 3915 magisterii
853 3832 888 3894 in
909 3830 1034 3895 artibus
1055 3829 1286 3916 supradictum.

303 3969 331 4029 2·
352 3981 400 4027 AD
422 3981 589 4041 QUAN'I'UII
611 3981 747 4028 TEMPUS
769 3980 882 4041 QUIVIS
902 3979 1193 4031 succuunulosult
1215 3979 1404 4028 ottomanus
1427 3942 1621 4030 lePUTARE

876 4079 1048 4129 TENETUR.

331 4178 411 4243 Item
440 4177 575 4266 quilibet
600 4178 874 4261 baccalariorum,
901 4180 936 4243 in
965 4178 1089 4243 artibus
1118 4176 1266 4260 studens,
1294 4187 1422 4244 tenetur
1451 4177 1665 4266 disputarein

210 4277 365 4343 350rdine
386 4300 458 4360 su03
488 4287 520 4341 et
541 4279 568 4342 si
590 4279 623 4343 in
646 4278 772 4343 artibus
793 4300 860 4342 non
881 4277 1053 4358 studuerit,
1082 4299 1185 4363 aeque
1211 4277 1294 4342 bene
1320 4279 1355 4342 in
1376 4276 1492 4344 ordine
1513 4301 1571 4344 suo
1592 4288 1663 4343 tene

218 4400 220 4407 ’
251 4387 302 4441 tur
317 4375 494 4463 disputare,
516 4376 619 4443 donec
640 4377 807 4442 biennium
827 4377 1045 4464 compleverit,
1069 4377 1128 4442 sub
1151 4400 1256 4465 poena
1276 4387 1349 4442 octo
1372 4398 1562 4464 grossorum
1580 4397 1662 4442 novo

250 4499 331 4559 rum,
353 4498 451 4561 quam
472 4499 609 4563 poenam
632 4476 766 4565 quilibet
789 4475 930 4541 decanus
953 4499 1011 4564 pro
1033 4487 1179 4564 tempore
1199 4487 1328 4542 tenetur
1347 4486 1552 4566 extorquere

328 4713 338 4762 1
358 4709 521 4763 admittatur
538 4709 574 4763 ist
592 4707 810 4780 nachgetragen.

326 4791 501 4849 lliiemach
520 4792 556 4847 ist
572 4793 714 4848 nocbmals
734 4792 908 4864 angefangen
927 4810 961 4846 au
979 4789 1159 4846 wiederholen
1177 4792 1218 4844 ad
1237 4808 1308 4861 map.
1343 4790 1402 4847 Der
1419 4789 1489 4847 Sinn
1509 4792 1559 4848 der
1575 4790 1661 4846 zuletsl

251 4875 493 4948 voranfgehenden
510 4878 610 4932 Worte
628 4878 679 4931 ist:
713 4878 773 4931 Das
796 4876 910 4932 nbchste
929 4875 986 4930 Mal
1015 4876 1065 4930 soll
1091 4892 1121 4930 es
1141 4875 1215 4930 noch
1238 4874 1316 4930 nicht
1339 4894 1370 4931 so
1395 4881 1492 4948 strong
1517 4888 1661 4948 genem

250 4961 365 5015 werden.
387 4992 414 5001 -
434 4961 534 5016 Dieser
549 4977 638 5032 gsnze
655 4952 824 5032 Peragraph⁴
840 4959 913 5015 steht
932 4959 1062 5031 iibrigens
1079 4958 1132 5014 auf
1147 4959 1247 5014 Rasur.

327 5049 343 5098 3
360 5042 440 5100 Gens
458 5044 547 5100 sicher
564 5044 600 5098 ist
617 5044 662 5099 die
675 5047 788 5116 Lesung
805 5046 863 5098 sive
878 5048 1023 5100 secundam
1035 5045 1120 5111 nicht,
1135 5043 1275 5099 vielleicht
1291 5042 1400 5099 heisseu
1415 5043 1462 5100 dis
1474 5044 1572 5100 beiden
1581 5042 1659 5100 wore

247 5146 333 5198 ausu,
348 5129 459 5186 scaea
