3756 6158
249 462 309 525 604
755 459 806 510 Die
825 459 1010 510 medicinisohe
1026 461 1151 512 Facultiit.

249 681 297 741 39.
331 692 488 740 srnrorn
517 693 782 742 concessisum
808 694 993 742 coenosus
1023 693 1206 742 vocasses
1233 693 1383 742 ASSUMMI
1411 695 1460 741 ΑΙ)
1482 692 1665 741 consulut(

249 791 461 842 recubueris
483 793 647 858 ultmcsu,
669 799 771 864 quae
792 779 853 841 eis
874 775 958 862 legi
978 775 1123 840 debent
1145 787 1331 864 tempore
1351 776 1667 863 assumpcionis

838 874 1067 940 eorundem.

330 1025 549 1090 Iuramentum
570 1026 604 1090 in
625 1024 738 1091 ordine
758 1047 859 1111 supra
878 1027 1039 1111 signatum
1059 1023 1184 1111 legetur
1205 1024 1327 1089 eisdem
1351 1024 1392 1089 de
1413 1024 1519 1089 verbo
1541 1024 1584 1090 ad
1596 1048 1662 1090 ver·

209 1133 225 1188 5
251 1123 337 1207 bum,
360 1134 394 1189 et
413 1123 475 1188 boc
496 1124 615 1189 sufficit
635 1146 698 1209 quo
720 1124 763 1189 ad
784 1123 948 1189 doctorem
970 1125 1150 1190 medicinae
1170 1125 1204 1188 in
1226 1134 1337 1188 nostra
1357 1125 1574 1190 universitate
1595 1147 1663 1212 pro

246 1232 377 1289 motum.
421 1223 456 1287 Si
477 1246 555 1288 vero
576 1223 655 1289 alibi
677 1233 843 1310 promotus
863 1224 970 1306 fuerit,
992 1223 1132 1289 addatur
1153 1222 1243 1305 illud,
1263 1223 1349 1309 quod
1370 1225 1533 1310 sequitur:

330 1354 444 1420 Nullus
467 1356 579 1422 doctor
601 1355 679 1421 alibi
701 1365 867 1443 promotus
896 1367 928 1421 et
955 1356 1008 1422 hic
1035 1365 1220 1444 assumptus
1251 1355 1294 1420 ad
1318 1355 1510 1422 facultatem
1537 1356 1663 1422 medici·

247 1453 353 1520 nalem
373 1456 475 1542 recipi
497 1455 615 1521 debeat
635 1454 678 1520 ad
700 1455 869 1520 consilium
890 1455 1052 1521 facultatis
1074 1456 1236 1538 eiusdem,
1264 1457 1327 1520 nisi
1357 1456 1406 1519 in¹
1429 1455 1492 1521 bac
1512 1458 1662 1520 universi·

247 1565 314 1619 tate
336 1554 499 1619 biennium
522 1565 597 1642 post
619 1557 667 1619 sui
690 1556 947 1641 assumpeionem
968 1551 1105 1641 legendo
1127 1554 1268 1641 aliquam
1288 1554 1458 1620 lectionem
1482 1557 1517 1620 in
1539 1554 1663 1620 medici·

209 1664 240 1720 10
250 1655 300 1717 nis
322 1653 547 1740 compleverit3
569 1665 601 1719 et
620 1664 767 1741 tempore
789 1656 839 1720 sui
860 1655 1096 1743 assumpeionis
1128 1654 1170 1719 ad
1199 1653 1366 1720 consilium
1392 1653 1490 1719 dabit
1520 1664 1664 1742 quattuor

247 1750 387 1817 florenos
408 1755 577 1819 renenses²
598 1776 658 1840 pro
678 1755 767 1819 fisco.

394 1961 443 2023 40.
467 1970 625 2019 mmcluu
645 1970 876 2019 LEPROSORUM
898 1970 966 2018 PER
990 1968 1104 2017 OMNES
1125 1968 1311 2019 DOGTOBES
1332 1970 1524 2019 trementes

783 2070 900 2117 DEBET
924 2069 1126 2118 cumetensi.

329 2201 525 2269 Conclusum
547 2210 579 2265 et
601 2210 753 2267 statutum
775 2213 823 2267 est
843 2201 1047 2267 concorditer
1077 2224 1135 2288 per
1164 2201 1312 2266 doctores
1342 2201 1383 2266 de
1404 2201 1541 2268 consilio
1564 2202 1658 2268 facul·

210 2315 240 2368 15
251 2305 327 2368 tetis
349 2301 503 2383 medicae,
537 2300 624 2388 quod
646 2301 799 2388 deinceps
822 2298 870 2388 [11
884 2299 910 2388 b]
933 2301 1038 2366 nullus
1059 2301 1226 2366 doctorum
1248 2300 1366 2366 audeat
1384 2322 1426 2366 ex
1447 2324 1506 2367 suo
1527 2304 1660 2389 proprio

247 2403 353 2488 capite
376 2411 408 2466 et
430 2400 563 2466 consilio
586 2400 673 2465 solus
695 2423 729 2465 se
749 2401 961 2466 intromittere
980 2401 1020 2466 de
1042 2401 1192 2465 examine
1212 2411 1244 2465 et
1264 2400 1384 2466 iudicio
1405 2398 1527 2488 leprosi
1550 2412 1607 2466 aut
1628 2401 1665 2466 de

246 2501 338 2587 lepra
356 2502 506 2587 suspecti,
527 2501 590 2563 nisi
612 2498 652 2562 de
674 2501 785 2566 favore
808 2499 922 2565 decani
945 2511 976 2564 et
1004 2502 1106 2565 tocius
1134 2499 1296 2564 facultatis
1328 2501 1493 2586 signetnm
1522 2500 1662 2566 eiusdem

247 2600 436 2682 obtinuerit,
469 2598 528 2663 sub
556 2621 662 2685 poena
688 2600 908 2685 suspensionis
938 2622 957 2663 a
987 2598 1122 2663 consilio
1150 2598 1313 2665 facultatis
1343 2610 1374 2664 et
1394 2602 1538 2666 omnium
1559 2600 1663 2667 emoli-

247 2708 426 2764 mentorum
457 2698 500 2763 ad
529 2708 594 2762 tres
622 2722 734 2780 annos,
758 2700 838 2762 siin
859 2698 992 2764 consilio
1014 2699 1125 2781 fuerit3
1154 2700 1182 2763 si
1204 2708 1310 2764 autem
1333 2709 1427 2763 extra
1449 2699 1549 2764 etad
1570 2699 1663 2764 facul·

204 2808 345 2864 wtstem
368 2808 491 2863 tantum
513 2808 699 2884 assumptus
731 2808 793 2879 est,
827 2820 891 2862 non
925 2809 1031 2862 autem
1062 2799 1095 2860 in
1129 2796 1262 2864 consilio
1284 2798 1464 2881 facultatis,
1500 2809 1578 2864 tunc
1598 2800 1660 2863 eius

245 2898 429 2983 assumpcio
462 2897 503 2962 ad
535 2897 703 2962 consilium
731 2894 892 2961 facultatis
921 2895 1028 2961 fienda
1057 2897 1100 2962 ad
1119 2907 1185 2962 tres
1208 2920 1309 2963 annos
1333 2895 1404 2964 loco
1434 2899 1506 2963 eius
1538 2920 1657 2986 poenae

247 2996 344 3063 debet
364 2996 517 3085 suspendi
539 3006 571 3060 et
591 2995 724 3063 differri.

329 3332 396 3389 Das
417 3332 566 3406 Folpende
588 3332 640 3387 lat
662 3329 726 3387 aine
748 3331 859 3387 andere
879 3330 976 3387 Hand
990 3331 1196 3405 perstrictam
1238 3331 1270 3389 in
1295 3333 1352 3391 den
1387 3332 1461 3391 Urlc.
1488 3332 1614 3398 omues
1634 3330 1659 3388 S.

245 3432 301 3495 881
320 3436 370 3506 sq.
392 3430 471 3488 wird
491 3431 660 3498 varmutket,
687 3431 758 3485 dass
777 3448 807 3485 es
829 3428 876 3485 die
889 3428 1046 3486 Stramer’s
1069 3449 1125 3487 oon
1148 3431 1304 3490 Auerlaclr
1326 3432 1377 3503 sei,
1400 3434 1457 3490 der
1477 3452 1571 3508 qeqen
1584 3432 1659 3488 Eride

205 3533 297 3589 rades
328 3531 443 3587 Boebes
471 3529 556 3586 einen
591 3529 721 3603 Vertraq
753 3547 808 3584 aus
838 3531 901 3585 dem
926 3530 1022 3586 Jalre
1050 3533 1123 3592 1521
1155 3531 1344 3607 einqetraqea
1374 3533 1438 3590 hat.
1483 3532 1571 3588 Faus
1590 3530 1658 3587 auct

245 3629 341 3686 dieser
364 3629 522 3685 Bescdluss
546 3627 577 3683 in
605 3626 727 3683 dieselle
753 3627 839 3684 Zeia!
883 3629 976 3686 Dana
1005 3634 1087 3692 ardre
1116 3650 1149 3687 er
1168 3630 1295 3704 freiliclr
1325 3635 1431 3705 spct‘ter
1460 3629 1657 3707 efnqetraqea,

246 3729 292 3784 als
313 3730 369 3785 das
389 3728 538 3802 Folqende
559 3730 620 3798 aas
636 3728 683 3785 Bl.
713 3727 786 3799 12⁸3
810 3747 871 3783 was
893 3727 991 3785 indess
1012 3728 1098 3786 leielt
1120 3728 1244 3804 mirarica
1266 3728 1314 3788 ist.

329 3896 379 3955 41.
401 3888 526 3952 Doctor
547 3886 725 3951 medicinae
747 3887 828 3952 alius
864 3890 1097 3964 universitatis,
1126 3888 1326 3974 desyderans
1354 3891 1460 3977 recipi
1490 3891 1535 3955 ad
1566 3888 1658 3955 facul·

245 3999 342 4054 tatem
365 3986 544 4051 medicinae
567 3986 661 4050 buius
683 3987 851 4072 Lipsensis
875 3989 1104 4069 universitatis,
1127 3991 1153 4052 si
1173 3988 1409 4053 baccalaureus
1431 3990 1576 4056 eiusdem
1599 3990 1658 4053 uni·

204 4099 238 4152 30
249 4089 413 4151 versitatis
441 4087 553 4167 fuerit,
596 4084 755 4150 tenebitur
783 4084 869 4150 illico
896 4086 1020 4151 solvere
1049 4111 1107 4173 pro
1129 4089 1367 4173 assumptione,
1389 4087 1611 4176 disputatione
1630 4099 1657 4150 et

245 4186 410 4251 laboribus
434 4187 569 4249 caeteris
592 4185 759 4249 doctorum
781 4184 959 4250 medicinae
983 4185 1168 4251 doctoribus
1192 4185 1232 4250 de
1254 4187 1388 4252 consilio
1419 4200 1451 4253 et
1478 4188 1524 4254 ad
1550 4189 1654 4253 fiscum

245 4285 407 4349 facultatis
425 4286 540 4368 viginti
561 4294 592 4347 et
613 4287 753 4371 quinque
774 4284 804 4348 fl.
826 4287 859 4348 in
880 4308 960 4349 auro
989 4296 1044 4350 aut
1077 4286 1220 4351 valorem
1248 4288 1334 4369 auri3
1375 4289 1403 4351 si
1431 4311 1510 4353 vero
1545 4290 1650 4354 bacca-

245 4382 373 4447 laureus
395 4382 489 4447 huius
510 4383 672 4448 facultatis
693 4394 722 4447 et
744 4385 963 4448 universitatis
984 4407 1047 4449 non
1068 4386 1173 4467 fuerit,
1198 4386 1299 4450 solvet
1321 4388 1458 4472 triginta
1471 4399 1504 4452 et
1517 4412 1613 4453 unum
1627 4387 1654 4451 fl.

244 4483 277 4546 in
299 4504 376 4546 auro
398 4491 453 4545 aut
472 4491 596 4545 tantum
617 4482 768 4547 valorem.
812 4483 982 4548 Caeterum
1005 4483 1176 4570 prandium
1204 4485 1326 4549 nullum
1355 4485 1529 4568 tenebitur,
1552 4509 1655 4551 verum

204 4583 422 4667 35positiones
449 4580 562 4644 diebus
590 4604 647 4646 sex
675 4592 730 4646 aut
758 4592 880 4668 septem
909 4583 951 4647 ad
976 4587 1082 4648 minus
1109 4594 1183 4648 ante
1209 4584 1461 4672 disputationem
1486 4586 1657 4652 medicinae

244 4679 446 4760 doctoribus,
473 4680 667 4762 licenciatis,
690 4682 910 4746 baccalaureis
933 4693 964 4746 et
984 4682 1186 4748 scholaribus
1210 4685 1335 4767 mittat3
1359 4695 1505 4750 attamen
1528 4709 1567 4750 ne
1588 4683 1655 4748 reli·

246 4801 327 4864 quae
361 4779 530 4844 facultates
562 4781 767 4865 negligantur
796 4792 892 4867 utque
921 4791 1033 4847 nostra
1062 4782 1237 4868 disputatio
1264 4781 1440 4848 honorifice
1473 4784 1654 4863 celebretur,

332 5033 339 5080 1
364 5028 393 5079 a'n
410 5027 486 5082 fehlt.

332 5115 347 5164 2
366 5109 464 5180 Sptter
483 5110 665 5183 hinzugetiigt
683 5114 713 5165 ia
729 5130 806 5166 auro.
