3756 6158
261 511 319 573 114
719 503 773 558 Des
794 506 928 560 Iohannes
945 505 1023 560 Fabri
1040 506 1075 559 ‹te
1091 507 1204 561 Werdes

257 691 419 776 gationem
452 697 508 753 aut
539 687 635 753 aliam
668 688 862 775 condignam
893 711 1046 776 poenam,
1081 676 1206 756 iustitia
1235 693 1414 776 mediante,
1450 690 1672 780 procedemus,

257 793 398 876 ipsorum
420 787 594 853 rebellione
612 797 644 852 et
664 790 868 854 contumacia
889 791 1021 856 minime
1039 789 1252 856 obstantibus.
1282 793 1404 858 Datum
1415 801 1599 859 rectoratus
1613 800 1671 858 etc.

412 975 462 1039 58.
494 990 687 1038 ΜΑΝΒΔΤΙΙΜ
708 990 754 1036 DE
775 990 848 1038 NON
868 990 1035 1039 LUDENDO
1056 992 1093 1039 IN
1114 990 1237 1040 cautus
1260 992 1328 1041 PRO
1351 991 1509 1041 Paculus.

337 1100 491 1193 [111111]
518 1103 654 1170 Mandat
675 1104 824 1170 omnibus
845 1115 919 1170 eta:
952 1115 1109 1194 quatenus
1136 1106 1260 1173 nullum
1294 1108 1438 1195 ipsorum
1460 1108 1616 1195 deinceps
1637 1109 1671 1172 in

229 1204 394 1288 trubetis,
422 1206 563 1292 campis,
590 1205 690 1287 areis,
712 1206 819 1290 agris,
839 1206 903 1270 viis
923 1204 1064 1293 publicis
1085 1214 1142 1270 aut
1163 1205 1406 1295 quibuscunque
1424 1204 1504 1272 locis
1524 1216 1558 1272 et
1576 1228 1670 1294 prae·

255 1307 350 1393 cipue
380 1317 454 1391 pest
483 1303 596 1369 aedem
618 1304 686 1369 divi
705 1302 860 1369 Iohannis
880 1327 952 1369 cum
974 1304 1177 1370 studentibus
1198 1304 1251 1370 vel
1272 1305 1365 1371 laicis
1385 1329 1445 1394 pro
1465 1308 1607 1394 pecunia
1625 1304 1670 1371 lu·

253 1405 331 1470 dere
357 1414 560 1491 praesumat,
585 1426 646 1468 uec
675 1404 774 1468 etiam
802 1405 988 1473 meretrices
1014 1402 1058 1468 ad
1077 1403 1166 1469 dicta
1185 1403 1258 1470 locs
1277 1426 1385 1470 secum
1407 1404 1505 1470 ducat
1524 1402 1578 1471 vel
1598 1428 1669 1471 cum

252 1504 376 1570 eisdem
405 1502 481 1568 illac
507 1501 607 1568 vadat
635 1513 691 1568 aut
716 1503 799 1589 ipsis
825 1501 1030 1591 impudenter
1050 1525 1121 1569 sese
1140 1501 1264 1569 ibidem
1284 1506 1433 1570 associet.
1474 1502 1545 1571 Sub
1566 1526 1671 1592 poena

252 1604 347 1669 unius
370 1601 484 1668 floreni
504 1610 564 1667 etc.
1492 1612 1495 1617 ’

212 1781 244 1834 10
302 1775 352 1836 59.
382 1787 502 1835 soum
522 1785 813 1835 Rucoeuoscnunl
832 1786 987 1846 amonuit
1006 1784 1140 1835 ulum
1158 1786 1385 1836 AUTENTIOUN
1403 1788 1451 1837 EX
1467 1788 1622 1839 sucmvo

861 1884 1059 1933 aecurrunt:

333 2004 402 2071 Nos
431 2002 477 2066 .N.
506 2011 613 2067 rector
644 2010 757 2067 tenore
790 2001 1010 2088 praesentium
1036 1998 1166 2087 publice
1190 2003 1452 2090 recognoscimus
1479 2003 1668 2093 prolitentes

251 2112 453 2191 praesentem
480 2100 618 2184 librum,
646 2124 686 2166 n.
711 2100 924 2167 communiter
949 2109 1186 2187 nuncupatum,
1215 2124 1286 2167 esse
1313 2111 1345 2168 et
1374 2101 1474 2168 fuisse
1493 2124 1611 2169 verum
1637 2108 1668 2169 'et

251 2201 442 2289 originalem
470 2199 588 2267 librum
617 2209 812 2265 statutorum
840 2199 908 2279 (vel
936 2196 1161 2266 conclusorum
1191 2211 1224 2266 et
1253 2206 1416 2277 actorum)
1448 2202 1668 2293 universitatis

211 2312 241 2367 15
251 2301 448 2390 praedictae,
468 2322 510 2365 ex
531 2300 665 2365 archivo
687 2320 813 2388 quoque
833 2299 1006 2365 iamdictae
1030 2300 1252 2366 universitatis
1278 2304 1454 2389 receptum,
1480 2302 1517 2367 in
1544 2300 1667 2367 eodem·

251 2424 313 2490 que
334 2402 448 2487 reponi
469 2399 607 2484 solitum,
630 2398 672 2464 ab
688 2400 780 2465 initio
798 2397 937 2488 denique
953 2399 1003 2464 sui
1014 2408 1046 2463 et
1057 2421 1186 2488 semper
1196 2400 1299 2465 fuisse
1313 2421 1352 2465 ac
1362 2398 1458 2466 hodie
1473 2422 1548 2466 esse
1560 2410 1667 2466 auten

250 2504 367 2584 ticum,
396 2501 563 2588 eidemque
592 2520 720 2587 semper
747 2497 927 2586 plenariam
946 2497 1044 2564 fidem
1064 2497 1246 2565 adhibitam
1264 2499 1365 2565 fuisse
1386 2520 1426 2565 ac
1446 2499 1483 2565 iu
1503 2502 1664 2589 praesenti

249 2600 380 2689 plenam
399 2601 430 2665 ei
451 2597 600 2666 adhiberi
618 2598 723 2671 fidem.
763 2597 801 2663 In
832 2599 923 2663 cuius
941 2597 990 2663 rei
1012 2595 1144 2664 evidens
1165 2599 1383 2665 testimonium
1403 2601 1508 2665 nostri
1524 2611 1664 2667 rectore·

249 2711 300 2766 tus
322 2699 464 2789 sigillum
485 2700 650 2786 praesenti
669 2707 801 2763 nostrae
821 2697 1035 2784 recognitioni
1054 2696 1347 2785 subimpressimus.
1372 2697 1498 2765 Datum
1510 2722 1597 2767 anuo
1611 2711 1663 2767 etc

206 2876 240 2930 20
350 2960 353 2965 Ι
447 2871 499 2933 61).
529 2882 748 2931 1111111111
767 2878 1060 2930 111111111111111
1080 2882 1213 2931 amnon
1232 2880 1467 2932 snrnnmcuu
1510 2904 1513 2909 -

331 2996 393 3087 [Bl.
413 2995 485 3086 253]
520 2998 587 3063 Nos
609 2997 657 3062 .N.
686 2997 805 3062 artium
832 2999 1002 3084 magister,
1029 2994 1193 3063 facultatis
1218 2998 1393 3064 earundem
1423 2998 1543 3063 artium
1573 2997 1661 3064 deca·

247 3123 324 3183 nus,
353 3099 515 3184 ceterique
541 3098 690 3183 magistri
709 3098 743 3161 in
764 3095 853 3161 dicta
873 3094 1026 3161 facultate
1048 3105 1123 3162 actu
1143 3107 1291 3183 regentes
1312 3107 1424 3164 tenore
1444 3101 1661 3185 praesentium

247 3197 377 3285 publice
399 3198 659 3283 recognoscimus
681 3195 884 3283 profitentes,
913 3205 1117 3282 praesentem
1138 3194 1273 3280 librum,
1303 3199 1515 3262 communiter
1544 3196 1661 3263 librum

248 3295 469 3365 conclusorum
490 3306 522 3361 et
543 3306 687 3362 actorum
706 3295 869 3360 facultatis
890 3294 1007 3359 artium
1028 3294 1241 3381 appellatum,
1274 3318 1317 3362 ex
1337 3296 1471 3363 archivo
1492 3297 1664 3363 iamdictae

206 3394 412 3462 25facriltatis
440 3404 605 3483 receptum
625 3396 660 3461 in
682 3393 859 3483 eodemque
880 3415 1008 3481 semper
1028 3396 1143 3484 reponi
1162 3394 1305 3480 solitum,
1335 3393 1377 3461 ab
1404 3396 1497 3462 initio
1525 3390 1664 3482 denique

247 3498 297 3562 sui
318 3505 350 3561 et
370 3518 498 3585 semper
519 3496 619 3561 fuisse
640 3495 846 3570 autenticum,
867 3492 969 3559 donec
990 3514 1049 3579 per
1069 3493 1238 3559 Nicolaum
1249 3493 1415 3561 Scbreiter
1437 3494 1478 3561 de
1490 3494 1663 3583 churgk,

247 3605 405 3662 assertum
424 3595 632 3682 magistrum,
653 3594 687 3658 in
707 3591 816 3658 multis
836 3591 916 3657 locis
937 3614 997 3679 per
1017 3592 1218 3678 quorumdam
1237 3603 1325 3659 recte
1345 3603 1378 3660 et
1395 3615 1474 3660 vere
1491 3596 1664 3683 inscripto-

245 3719 317 3761 rum
345 3694 538 3760 deleticnem
564 3702 596 3757 et
623 3691 904 3775 cancellationem,
933 3691 1030 3756 unius
1055 3690 1125 3757 felii
1144 3694 1341 3760 excisionem
1363 3701 1396 3758 et
1415 3692 1556 3761 duorum
1576 3692 1665 3761 felic

246 3818 319 3859 rum
340 3786 680 3860 conbituminationem
700 3792 833 3856 vitiatus
855 3814 894 3857 ac
915 3790 1106 3857 falsificatus
1128 3792 1249 3877 extitit,
1277 3803 1374 3880 prout
1398 3791 1486 3859 idem
1507 3793 1663 3860 Nicolaus

205 3892 408 3979 30Koburgh
437 3915 546 3957 coram
576 3890 724 3957 omnibus
752 3899 784 3956 et
803 3890 940 3977 singulis
959 3892 1142 3977 magistris,
1171 3893 1205 3956 in
1228 3890 1361 3958 consilio
1385 3892 1598 3982 supradictae
1618 3894 1665 3960 fa-

247 3993 375 4059 cultatis
395 3990 611 4057 consiliariter
633 3990 850 4076 congregatis,
871 3990 1036 4056 confessus
1058 3990 1128 4073 fuit,
1150 3994 1314 4077 praesenti
1336 3995 1470 4080 insuper
1490 3993 1575 4060 libro
1591 4004 1665 4060 ante

246 4090 429 4158 huiusmodi
459 4091 509 4155 sui
536 4089 793 4155 falsificationem
819 4088 917 4155 fidem
944 4087 1123 4177 plenariam
1154 4090 1335 4156 adhibitam
1361 4091 1469 4157 fuisse.
1510 4093 1550 4158 In
1571 4096 1663 4159 cuius

245 4195 294 4257 rei
324 4190 420 4255 fidem
453 4213 491 4256 ac
527 4188 659 4255 evidens
695 4189 914 4255 testimouium
941 4186 1081 4277 sigillum
1107 4186 1313 4276 saepedictae
1338 4190 1503 4258 facultatis
1532 4203 1665 4259 nostrae

244 4291 408 4380 praesenti
428 4289 641 4376 recognitioni
662 4288 954 4375 subimpressimus.
997 4287 1121 4354 Datum
1142 4310 1226 4355 anno
1248 4290 1370 4356 domini
1391 4290 1565 4358 millesimo
1585 4302 1644 4358 eta

202 4470 236 4525 35
345 4465 397 4527 61.
428 4472 607 4523 nonnemo
628 4471 846 4521 ercamrao
867 4438 1029 4521 uounsro
1051 4471 1151 4521 11111
1175 4473 1383 4525 1111111111
1403 4475 1560 4526 1111111111

838 4571 1075 4621 1111111111.

328 4690 414 4772 Quia
436 4688 589 4754 discretio
610 4696 714 4752 mater
735 4687 877 4751 omnium
896 4687 1053 4752 virtutum
1072 4687 1256 4776 artiumque
1276 4710 1348 4754 esse
1367 4688 1574 4777 perhibetur,
1605 4690 1656 4759 bo

244 4812 368 4879 uaeque
392 4788 616 4876 dispositionis
642 4788 778 4852 comitas
811 4794 843 4850 et
864 4784 955 4869 crdo,
989 4785 1124 4853 docente
1156 4788 1367 4875 experientia,
1398 4811 1481 4878 quos
1489 4782 1544 4878 [16
1551 4786 1658 4880 ⁸]libst

245 4898 337 4954 actus
364 4888 500 4955 decoros
527 4884 635 4951 reddit
663 4895 696 4950 et
722 4883 935 4951 honorificos:
960 4883 1001 4951 ob
1030 4885 1091 4952 hoc
1117 4885 1258 4952 (11111111
1286 4886 1451 4954 facultatis
1479 4890 1601 4955 artium
1619 4910 1654 4955 ex

204 4986 377 5051 todecretc
403 4985 529 5052 consilii
557 4987 786 5070 magistrorum
811 4983 984 5049 iamdictae
1011 4984 1176 5051 facultatis
1196 4984 1345 5052 hortatur
1368 5009 1479 5054 omnes
1501 5000 1534 5054 et
1553 4990 1654 5077 singu·

244 5086 293 5151 los
313 5087 487 5171 magistros
509 5095 696 5170 ceterosque
717 5085 887 5167 convivas,
913 5082 956 5149 ad
981 5084 1153 5170 prandium
1174 5084 1359 5151 Aristotelis
1382 5109 1487 5175 nuper
1508 5089 1653 5155 invitatos

244 5195 276 5250 et
304 5186 446 5250 crastina
474 5183 539 5263 (vel
559 5181 729 5259 hodierna)
750 5182 821 5248 luce
842 5181 885 5248 ad
905 5182 992 5248 idem
1012 5184 1210 5250 convivandi
1232 5204 1332 5251 causa
1351 5196 1524 5273 ventures,
1550 5198 1652 5277 quate
