<?xml version="1.0" encoding="UTF-8"?>
<!DOCTYPE html PUBLIC "-//W3C//DTD XHTML 1.0 Transitional//EN"
    "http://www.w3.org/TR/xhtml1/DTD/xhtml1-transitional.dtd">
<html xmlns="http://www.w3.org/1999/xhtml" xml:lang="en" lang="en">
 <head>
  <title>
</title>
<meta http-equiv="Content-Type" content="text/html;charset=utf-8" />
  <meta name='ocr-system' content='tesseract 3.04.00' />
  <meta name='ocr-capabilities' content='ocr_page ocr_carea ocr_par ocr_line ocrx_word'/>
</head>
<body>
  <div class='ocr_page' id='page_1' title='image "./diestatutenbche00univgoog_0267.png"; bbox 0 0 3756 6158; ppageno 0'>
   <div class='ocr_carea' id='block_1_1' title="bbox 244 471 1096 536">
    <p class='ocr_par' dir='ltr' id='par_1_1' title="bbox 244 471 1096 536">
     <span class='ocr_line' id='line_1_1' title="bbox 244 471 1096 536; baseline -0.015 -2"><span class='ocrx_word' id='word_1_1' title='bbox 244 471 305 534; x_wconf 79' lang='lat'><strong>248</strong></span> <span class='ocrx_word' id='word_1_2' title='bbox 809 474 865 523; x_wconf 84' lang='lat' dir='ltr'><strong>Das</strong></span> <span class='ocrx_word' id='word_1_3' title='bbox 886 471 974 523; x_wconf 79' lang='lat' dir='ltr'><strong>kleine</strong></span> <span class='ocrx_word' id='word_1_4' title='bbox 992 473 1096 536; x_wconf 79' lang='lat' dir='ltr'><strong>colleg.</strong></span> 
     </span>
    </p>
   </div>
   <div class='ocr_carea' id='block_1_2' title="bbox 182 580 1747 5210">
    <p class='ocr_par' dir='ltr' id='par_1_2' title="bbox 182 580 1747 4115">
     <span class='ocr_line' id='line_1_2' title="bbox 243 580 1747 738; baseline 0.003 -22"><span class='ocrx_word' id='word_1_5' title='bbox 243 659 353 717; x_wconf 71' lang='lat' dir='ltr'><strong>nosue</strong></span> <span class='ocrx_word' id='word_1_6' title='bbox 387 672 484 736; x_wconf 89' lang='lat' dir='ltr'><strong>super</strong></span> <span class='ocrx_word' id='word_1_7' title='bbox 515 650 610 716; x_wconf 91' lang='lat' dir='ltr'><strong>domo</strong></span> <span class='ocrx_word' id='word_1_8' title='bbox 638 650 840 718; x_wconf 89' lang='lat' dir='ltr'><strong>Wetterhein</strong></span> <span class='ocrx_word' id='word_1_9' title='bbox 866 675 908 718; x_wconf 90' lang='lat' dir='ltr'><strong>ex</strong></span> <span class='ocrx_word' id='word_1_10' title='bbox 939 661 1006 719; x_wconf 91' lang='lat' dir='ltr'><strong>otto</strong></span> <span class='ocrx_word' id='word_1_11' title='bbox 1035 651 1157 733; x_wconf 75' lang='lat' dir='ltr'><strong>(orto&#39;l)</strong></span> <span class='ocrx_word' id='word_1_12' title='bbox 1190 649 1317 738; x_wconf 84' lang='lat' dir='ltr'><strong>collegii</strong></span> <span class='ocrx_word' id='word_1_13' title='bbox 1343 580 1446 718; x_wconf 51' lang='lat' dir='ltr'><strong>intas·s</strong></span> <span class='ocrx_word' id='word_1_14' title='bbox 1455 618 1747 721; x_wconf 46' lang='lat' dir='ltr'><strong>memma</strong></span> 
     </span>
     <span class='ocr_line' id='line_1_3' title="bbox 243 750 1662 840; baseline 0.003 -25"><span class='ocrx_word' id='word_1_15' title='bbox 243 750 440 838; x_wconf 87' lang='lat' dir='ltr'><strong>Pflugritter,</strong></span> <span class='ocrx_word' id='word_1_16' title='bbox 461 750 684 816; x_wconf 86' lang='lat' dir='ltr'><strong>universitatis</strong></span> <span class='ocrx_word' id='word_1_17' title='bbox 703 751 868 836; x_wconf 88' lang='lat' dir='ltr'><strong>famulum,</strong></span> <span class='ocrx_word' id='word_1_18' title='bbox 889 761 921 818; x_wconf 92' lang='lat' dir='ltr'><strong>et</strong></span> <span class='ocrx_word' id='word_1_19' title='bbox 940 750 1108 818; x_wconf 81' lang='lat' dir='ltr'><strong>Nicolaum</strong></span> <span class='ocrx_word' id='word_1_20' title='bbox 1128 750 1289 817; x_wconf 87' lang='lat' dir='ltr'><strong>Kalossen</strong></span> <span class='ocrx_word' id='word_1_21' title='bbox 1310 752 1429 818; x_wconf 89' lang='lat' dir='ltr'><strong>situata</strong></span> <span class='ocrx_word' id='word_1_22' title='bbox 1450 752 1590 840; x_wconf 84' lang='lat' dir='ltr'><strong>singulis</strong></span> <span class='ocrx_word' id='word_1_23' title='bbox 1609 775 1662 819; x_wconf 83' lang='lat' dir='ltr'><strong>an·</strong></span> 
     </span>
     <span class='ocr_line' id='line_1_4' title="bbox 243 848 1665 939; baseline 0.003 -25"><span class='ocrx_word' id='word_1_24' title='bbox 243 851 295 914; x_wconf 90' lang='lat' dir='ltr'><strong>nis</strong></span> <span class='ocrx_word' id='word_1_25' title='bbox 316 871 375 914; x_wconf 90' lang='lat' dir='ltr'><strong>sex</strong></span> <span class='ocrx_word' id='word_1_26' title='bbox 395 848 534 914; x_wconf 85' lang='lat' dir='ltr'><strong>florenos</strong></span> <span class='ocrx_word' id='word_1_27' title='bbox 555 851 590 914; x_wconf 89' lang='lat' dir='ltr'><strong>in</strong></span> <span class='ocrx_word' id='word_1_28' title='bbox 610 853 749 935; x_wconf 89' lang='lat' dir='ltr'><strong>pecunia</strong></span> <span class='ocrx_word' id='word_1_29' title='bbox 770 851 950 935; x_wconf 87' lang='lat' dir='ltr'><strong>solvendos,</strong></span> <span class='ocrx_word' id='word_1_30' title='bbox 972 861 1005 917; x_wconf 91' lang='lat' dir='ltr'><strong>et</strong></span> <span class='ocrx_word' id='word_1_31' title='bbox 1024 852 1059 917; x_wconf 91' lang='lat' dir='ltr'><strong>in</strong></span> <span class='ocrx_word' id='word_1_32' title='bbox 1080 861 1322 939; x_wconf 72' lang='lat' dir='ltr'><strong>eventumque</strong></span> <span class='ocrx_word' id='word_1_33' title='bbox 1345 873 1460 917; x_wconf 89' lang='lat' dir='ltr'><strong>census</strong></span> <span class='ocrx_word' id='word_1_34' title='bbox 1482 851 1665 918; x_wconf 78' lang='lat' dir='ltr'><strong>huismmcdi</strong></span> 
     </span>
     <span class='ocr_line' id='line_1_5' title="bbox 243 948 1663 1039; baseline 0.004 -27"><span class='ocrx_word' id='word_1_35' title='bbox 243 969 384 1034; x_wconf 90' lang='lat' dir='ltr'><strong>unquam</strong></span> <span class='ocrx_word' id='word_1_36' title='bbox 404 949 543 1035; x_wconf 91' lang='lat' dir='ltr'><strong>reempti</strong></span> <span class='ocrx_word' id='word_1_37' title='bbox 562 950 691 1033; x_wconf 87' lang='lat' dir='ltr'><strong>fuerint,</strong></span> <span class='ocrx_word' id='word_1_38' title='bbox 714 960 834 1016; x_wconf 79' lang='lat' dir='ltr'><strong>extunc</strong></span> <span class='ocrx_word' id='word_1_39' title='bbox 850 951 998 1018; x_wconf 86' lang='lat' dir='ltr'><strong>doctores</strong></span> <span class='ocrx_word' id='word_1_40' title='bbox 1020 959 1052 1016; x_wconf 91' lang='lat' dir='ltr'><strong>et</strong></span> <span class='ocrx_word' id='word_1_41' title='bbox 1070 951 1221 1037; x_wconf 78' lang='lat' dir='ltr'><strong>magistri</strong></span> <span class='ocrx_word' id='word_1_42' title='bbox 1243 948 1412 1035; x_wconf 83' lang='lat' dir='ltr'><strong>collegium</strong></span> <span class='ocrx_word' id='word_1_43' title='bbox 1433 953 1589 1039; x_wconf 88' lang='lat' dir='ltr'><strong>princeps</strong></span> <span class='ocrx_word' id='word_1_44' title='bbox 1606 974 1663 1039; x_wconf 89' lang='lat' dir='ltr'><strong>pro</strong></span> 
     </span>
     <span class='ocr_line' id='line_1_6' title="bbox 202 1048 1665 1138; baseline 0.002 -26"><span class='ocrx_word' id='word_1_45' title='bbox 202 1056 219 1112; x_wconf 81' lang='lat'><strong>5</strong></span> <span class='ocrx_word' id='word_1_46' title='bbox 243 1056 390 1133; x_wconf 89' lang='lat' dir='ltr'><strong>tempore</strong></span> <span class='ocrx_word' id='word_1_47' title='bbox 411 1058 692 1134; x_wconf 79' lang='lat' dir='ltr'><strong>repraesentantes</strong></span> <span class='ocrx_word' id='word_1_48' title='bbox 710 1072 867 1115; x_wconf 88' lang='lat' dir='ltr'><strong>summam</strong></span> <span class='ocrx_word' id='word_1_49' title='bbox 889 1049 1060 1136; x_wconf 81' lang='lat' dir='ltr'><strong>capitalem</strong></span> <span class='ocrx_word' id='word_1_50' title='bbox 1083 1072 1142 1137; x_wconf 90' lang='lat' dir='ltr'><strong>pro</strong></span> <span class='ocrx_word' id='word_1_51' title='bbox 1163 1048 1235 1114; x_wconf 89' lang='lat' dir='ltr'><strong>aliis</strong></span> <span class='ocrx_word' id='word_1_52' title='bbox 1256 1049 1405 1115; x_wconf 88' lang='lat' dir='ltr'><strong>censibus</strong></span> <span class='ocrx_word' id='word_1_53' title='bbox 1426 1049 1665 1138; x_wconf 86' lang='lat' dir='ltr'><strong>comparandis,</strong></span> 
     </span>
     <span class='ocr_line' id='line_1_7' title="bbox 243 1143 1665 1236; baseline 0.003 -26"><span class='ocrx_word' id='word_1_54' title='bbox 243 1147 482 1234; x_wconf 90' lang='lat' dir='ltr'><strong>quamprimum</strong></span> <span class='ocrx_word' id='word_1_55' title='bbox 502 1150 653 1234; x_wconf 86' lang='lat' dir='ltr'><strong>poterint,</strong></span> <span class='ocrx_word' id='word_1_56' title='bbox 676 1171 838 1236; x_wconf 87' lang='lat' dir='ltr'><strong>exponere</strong></span> <span class='ocrx_word' id='word_1_57' title='bbox 857 1159 1037 1233; x_wconf 89' lang='lat' dir='ltr'><strong>teneantur,</strong></span> <span class='ocrx_word' id='word_1_58' title='bbox 1058 1143 1110 1236; x_wconf 76' lang='lat'><strong>[29</strong></span> <span class='ocrx_word' id='word_1_59' title='bbox 1134 1145 1145 1236; x_wconf 92' lang='lat'>]</span> <span class='ocrx_word' id='word_1_60' title='bbox 1168 1149 1256 1214; x_wconf 93' lang='lat' dir='ltr'><strong>omni</strong></span> <span class='ocrx_word' id='word_1_61' title='bbox 1282 1146 1356 1213; x_wconf 92' lang='lat' dir='ltr'><strong>dolo</strong></span> <span class='ocrx_word' id='word_1_62' title='bbox 1378 1157 1411 1214; x_wconf 90' lang='lat' dir='ltr'><strong>et</strong></span> <span class='ocrx_word' id='word_1_63' title='bbox 1428 1148 1546 1217; x_wconf 84' lang='lat' dir='ltr'><strong>fraude</strong></span> <span class='ocrx_word' id='word_1_64' title='bbox 1567 1171 1665 1215; x_wconf 88' lang='lat' dir='ltr'><strong>semo-</strong></span> 
     </span>
     <span class='ocr_line' id='line_1_8' title="bbox 243 1244 1667 1332; baseline 0.004 -22"><span class='ocrx_word' id='word_1_65' title='bbox 243 1247 296 1328; x_wconf 90' lang='lat' dir='ltr'><strong>tis,</strong></span> <span class='ocrx_word' id='word_1_66' title='bbox 328 1244 369 1311; x_wconf 94' lang='lat' dir='ltr'><strong>de</strong></span> <span class='ocrx_word' id='word_1_67' title='bbox 396 1268 461 1332; x_wconf 93' lang='lat' dir='ltr'><strong>qua</strong></span> <span class='ocrx_word' id='word_1_68' title='bbox 489 1268 599 1313; x_wconf 89' lang='lat' dir='ltr'><strong>eorum</strong></span> <span class='ocrx_word' id='word_1_69' title='bbox 628 1250 848 1314; x_wconf 83' lang='lat' dir='ltr'><strong>conscienciae</strong></span> <span class='ocrx_word' id='word_1_70' title='bbox 876 1248 1046 1314; x_wconf 80' lang='lat' dir='ltr'><strong>voluenmt</strong></span> <span class='ocrx_word' id='word_1_71' title='bbox 1071 1247 1192 1313; x_wconf 89' lang='lat' dir='ltr'><strong>habere</strong></span> <span class='ocrx_word' id='word_1_72' title='bbox 1220 1257 1381 1313; x_wconf 86' lang='lat' dir='ltr'><strong>oneratas.</strong></span> <span class='ocrx_word' id='word_1_73' title='bbox 1422 1247 1535 1314; x_wconf 86' lang='lat' dir='ltr'><strong>Debet</strong></span> <span class='ocrx_word' id='word_1_74' title='bbox 1560 1258 1667 1315; x_wconf 84' lang='lat' dir='ltr'><strong>autern</strong></span> 
     </span>
     <span class='ocr_line' id='line_1_9' title="bbox 245 1346 1667 1436; baseline 0.004 -27"><span class='ocrx_word' id='word_1_75' title='bbox 245 1346 487 1410; x_wconf 82' lang='lat' dir='ltr'><strong>anniversarius</strong></span> <span class='ocrx_word' id='word_1_76' title='bbox 509 1346 647 1431; x_wconf 89' lang='lat' dir='ltr'><strong>singulis</strong></span> <span class='ocrx_word' id='word_1_77' title='bbox 669 1349 763 1413; x_wconf 89' lang='lat' dir='ltr'><strong>annis</strong></span> <span class='ocrx_word' id='word_1_78' title='bbox 790 1349 885 1414; x_wconf 85' lang='lat' dir='ltr'><strong>iuxta</strong></span> <span class='ocrx_word' id='word_1_79' title='bbox 909 1348 1114 1436; x_wconf 89' lang='lat' dir='ltr'><strong>praedictum</strong></span> <span class='ocrx_word' id='word_1_80' title='bbox 1133 1355 1262 1435; x_wconf 89' lang='lat' dir='ltr'><strong>tempus</strong></span> <span class='ocrx_word' id='word_1_81' title='bbox 1282 1347 1343 1413; x_wconf 90' lang='lat' dir='ltr'><strong>hoc</strong></span> <span class='ocrx_word' id='word_1_82' title='bbox 1361 1346 1459 1414; x_wconf 84' lang='lat' dir='ltr'><strong>mado</strong></span> <span class='ocrx_word' id='word_1_83' title='bbox 1479 1346 1667 1414; x_wconf 84' lang='lat' dir='ltr'><strong>observari:</strong></span> 
     </span>
     <span class='ocr_line' id='line_1_10' title="bbox 244 1443 1667 1535; baseline 0.004 -25"><span class='ocrx_word' id='word_1_84' title='bbox 244 1446 279 1510; x_wconf 94' lang='lat' dir='ltr'><strong>in</strong></span> <span class='ocrx_word' id='word_1_85' title='bbox 292 1444 406 1531; x_wconf 89' lang='lat' dir='ltr'><strong>primis</strong></span> <span class='ocrx_word' id='word_1_86' title='bbox 427 1443 485 1509; x_wconf 87' lang='lat' dir='ltr'><strong>fiat</strong></span> <span class='ocrx_word' id='word_1_87' title='bbox 505 1445 616 1532; x_wconf 91' lang='lat' dir='ltr'><strong>pulsus</strong></span> <span class='ocrx_word' id='word_1_88' title='bbox 639 1446 721 1512; x_wconf 89' lang='lat' dir='ltr'><strong>hora</strong></span> <span class='ocrx_word' id='word_1_89' title='bbox 739 1448 846 1534; x_wconf 89' lang='lat' dir='ltr'><strong>prima</strong></span> <span class='ocrx_word' id='word_1_90' title='bbox 859 1470 920 1535; x_wconf 89' lang='lat' dir='ltr'><strong>pro</strong></span> <span class='ocrx_word' id='word_1_91' title='bbox 934 1447 1058 1535; x_wconf 84' lang='lat' dir='ltr'><strong>vigiliis</strong></span> <span class='ocrx_word' id='word_1_92' title='bbox 1078 1456 1110 1512; x_wconf 92' lang='lat' dir='ltr'><strong>et</strong></span> <span class='ocrx_word' id='word_1_93' title='bbox 1131 1445 1184 1511; x_wconf 92' lang='lat' dir='ltr'><strong>die</strong></span> <span class='ocrx_word' id='word_1_94' title='bbox 1205 1446 1351 1534; x_wconf 84' lang='lat' dir='ltr'><strong>sequenti</strong></span> <span class='ocrx_word' id='word_1_95' title='bbox 1373 1445 1458 1512; x_wconf 89' lang='lat' dir='ltr'><strong>alius</strong></span> <span class='ocrx_word' id='word_1_96' title='bbox 1472 1469 1535 1535; x_wconf 87' lang='lat' dir='ltr'><strong>pro</strong></span> <span class='ocrx_word' id='word_1_97' title='bbox 1557 1450 1667 1514; x_wconf 83' lang='lat' dir='ltr'><strong>missis</strong></span> 
     </span>
     <span class='ocr_line' id='line_1_11' title="bbox 204 1543 1668 1636; baseline 0.003 -28"><span class='ocrx_word' id='word_1_98' title='bbox 204 1553 238 1608; x_wconf 85' lang='lat'><strong>10</strong></span> <span class='ocrx_word' id='word_1_99' title='bbox 246 1544 429 1609; x_wconf 88' lang='lat' dir='ltr'><strong>animarum</strong></span> <span class='ocrx_word' id='word_1_100' title='bbox 455 1543 577 1609; x_wconf 86' lang='lat' dir='ltr'><strong>ibidem</strong></span> <span class='ocrx_word' id='word_1_101' title='bbox 603 1544 815 1612; x_wconf 85' lang='lat' dir='ltr'><strong>decantandis</strong></span> <span class='ocrx_word' id='word_1_102' title='bbox 841 1546 885 1612; x_wconf 93' lang='lat' dir='ltr'><strong>ad</strong></span> <span class='ocrx_word' id='word_1_103' title='bbox 911 1547 1014 1612; x_wconf 87' lang='lat' dir='ltr'><strong>instar</strong></span> <span class='ocrx_word' id='word_1_104' title='bbox 1048 1544 1186 1611; x_wconf 85' lang='lat' dir='ltr'><strong>aliarum</strong></span> <span class='ocrx_word' id='word_1_105' title='bbox 1212 1546 1434 1633; x_wconf 84' lang='lat' dir='ltr'><strong>exequiarum,</strong></span> <span class='ocrx_word' id='word_1_106' title='bbox 1459 1568 1522 1633; x_wconf 93' lang='lat' dir='ltr'><strong>pro</strong></span> <span class='ocrx_word' id='word_1_107' title='bbox 1549 1547 1668 1636; x_wconf 85' lang='lat' dir='ltr'><strong>quibus</strong></span> 
     </span>
     <span class='ocr_line' id='line_1_12' title="bbox 244 1641 1669 1734; baseline 0.005 -27"><span class='ocrx_word' id='word_1_108' title='bbox 244 1642 347 1730; x_wconf 90' lang='lat' dir='ltr'><strong>pulsis</strong></span> <span class='ocrx_word' id='word_1_109' title='bbox 374 1641 490 1708; x_wconf 89' lang='lat' dir='ltr'><strong>deutur</strong></span> <span class='ocrx_word' id='word_1_110' title='bbox 515 1643 658 1730; x_wconf 85' lang='lat' dir='ltr'><strong>pulsanti</strong></span> <span class='ocrx_word' id='word_1_111' title='bbox 684 1643 796 1711; x_wconf 91' lang='lat' dir='ltr'><strong>decem</strong></span> <span class='ocrx_word' id='word_1_112' title='bbox 821 1661 862 1733; x_wconf 67' lang='lat'><strong>95.</strong></span> <span class='ocrx_word' id='word_1_113' title='bbox 889 1646 1024 1734; x_wconf 87' lang='lat' dir='ltr'><strong>antiqui,</strong></span> <span class='ocrx_word' id='word_1_114' title='bbox 1053 1647 1131 1713; x_wconf 91' lang='lat' dir='ltr'><strong>item</strong></span> <span class='ocrx_word' id='word_1_115' title='bbox 1158 1643 1297 1732; x_wconf 89' lang='lat' dir='ltr'><strong>plebano</strong></span> <span class='ocrx_word' id='word_1_116' title='bbox 1310 1644 1440 1710; x_wconf 86' lang='lat' dir='ltr'><strong>dentur</strong></span> <span class='ocrx_word' id='word_1_117' title='bbox 1467 1644 1534 1713; x_wconf 92' lang='lat' dir='ltr'><strong>duo</strong></span> <span class='ocrx_word' id='word_1_118' title='bbox 1563 1648 1669 1733; x_wconf 76' lang='lat' dir='ltr'><strong>grossi</strong></span> 
     </span>
     <span class='ocr_line' id='line_1_13' title="bbox 243 1741 1671 1832; baseline 0.004 -25"><span class='ocrx_word' id='word_1_119' title='bbox 243 1743 329 1825; x_wconf 90' lang='lat' dir='ltr'><strong>novi,</strong></span> <span class='ocrx_word' id='word_1_120' title='bbox 358 1742 404 1807; x_wconf 92' lang='lat' dir='ltr'><strong>ita</strong></span> <span class='ocrx_word' id='word_1_121' title='bbox 427 1741 513 1829; x_wconf 88' lang='lat' dir='ltr'><strong>quod</strong></span> <span class='ocrx_word' id='word_1_122' title='bbox 533 1742 680 1808; x_wconf 91' lang='lat' dir='ltr'><strong>ultimam</strong></span> <span class='ocrx_word' id='word_1_123' title='bbox 707 1743 879 1810; x_wconf 87' lang='lat' dir='ltr'><strong>lectionem</strong></span> <span class='ocrx_word' id='word_1_124' title='bbox 904 1746 940 1810; x_wconf 92' lang='lat' dir='ltr'><strong>in</strong></span> <span class='ocrx_word' id='word_1_125' title='bbox 960 1743 1083 1831; x_wconf 87' lang='lat' dir='ltr'><strong>vigiliis</strong></span> <span class='ocrx_word' id='word_1_126' title='bbox 1112 1744 1201 1832; x_wconf 88' lang='lat' dir='ltr'><strong>legat</strong></span> <span class='ocrx_word' id='word_1_127' title='bbox 1228 1751 1261 1808; x_wconf 89' lang='lat' dir='ltr'><strong>et</strong></span> <span class='ocrx_word' id='word_1_128' title='bbox 1290 1742 1454 1808; x_wconf 90' lang='lat' dir='ltr'><strong>dominica</strong></span> <span class='ocrx_word' id='word_1_129' title='bbox 1480 1746 1671 1812; x_wconf 70' lang='lat' dir='ltr'><strong>anniversa</strong></span> 
     </span>
     <span class='ocr_line' id='line_1_14' title="bbox 245 1840 1669 1932; baseline 0.004 -27"><span class='ocrx_word' id='word_1_130' title='bbox 245 1843 330 1906; x_wconf 91' lang='lat' dir='ltr'><strong>rium</strong></span> <span class='ocrx_word' id='word_1_131' title='bbox 359 1840 572 1928; x_wconf 87' lang='lat' dir='ltr'><strong>praecedente</strong></span> <span class='ocrx_word' id='word_1_132' title='bbox 601 1841 738 1908; x_wconf 92' lang='lat' dir='ltr'><strong>eundem</strong></span> <span class='ocrx_word' id='word_1_133' title='bbox 768 1846 864 1909; x_wconf 89' lang='lat' dir='ltr'><strong>certis</strong></span> <span class='ocrx_word' id='word_1_134' title='bbox 893 1843 1008 1910; x_wconf 90' lang='lat' dir='ltr'><strong>diebus</strong></span> <span class='ocrx_word' id='word_1_135' title='bbox 1035 1853 1113 1909; x_wconf 88' lang='lat' dir='ltr'><strong>tunc</strong></span> <span class='ocrx_word' id='word_1_136' title='bbox 1141 1841 1348 1932; x_wconf 87' lang='lat' dir='ltr'><strong>sequentibus</strong></span> <span class='ocrx_word' id='word_1_137' title='bbox 1375 1840 1609 1917; x_wconf 83' lang='lat' dir='ltr'><strong>celebrandum</strong></span> <span class='ocrx_word' id='word_1_138' title='bbox 1628 1845 1669 1911; x_wconf 88' lang='lat' dir='ltr'><strong>de</strong></span> 
     </span>
     <span class='ocr_line' id='line_1_15' title="bbox 246 1939 1670 2032; baseline 0.002 -26"><span class='ocrx_word' id='word_1_139' title='bbox 246 1940 383 2006; x_wconf 86' lang='lat' dir='ltr'><strong>ambone</strong></span> <span class='ocrx_word' id='word_1_140' title='bbox 412 1941 595 2006; x_wconf 88' lang='lat' dir='ltr'><strong>manifestet</strong></span> <span class='ocrx_word' id='word_1_141' title='bbox 623 1952 655 2006; x_wconf 90' lang='lat' dir='ltr'><strong>et</strong></span> <span class='ocrx_word' id='word_1_142' title='bbox 683 1940 864 2009; x_wconf 85' lang='lat' dir='ltr'><strong>denunciet</strong></span> <span class='ocrx_word' id='word_1_143' title='bbox 903 1944 984 2009; x_wconf 86' lang='lat' dir='ltr'><strong>Item</strong></span> <span class='ocrx_word' id='word_1_144' title='bbox 1015 1939 1216 2032; x_wconf 89' lang='lat' dir='ltr'><strong>subplebano</strong></span> <span class='ocrx_word' id='word_1_145' title='bbox 1245 1940 1361 2007; x_wconf 87' lang='lat' dir='ltr'><strong>dentur</strong></span> <span class='ocrx_word' id='word_1_146' title='bbox 1390 1963 1473 2006; x_wconf 91' lang='lat' dir='ltr'><strong>unus</strong></span> <span class='ocrx_word' id='word_1_147' title='bbox 1505 1957 1558 2027; x_wconf 66' lang='lat' dir='ltr'><strong>pt,</strong></span> <span class='ocrx_word' id='word_1_148' title='bbox 1593 1945 1670 2009; x_wconf 88' lang='lat' dir='ltr'><strong>item</strong></span> 
     </span>
     <span class='ocr_line' id='line_1_16' title="bbox 208 2038 1670 2128; baseline 0.001 -22"><span class='ocrx_word' id='word_1_149' title='bbox 208 2052 240 2106; x_wconf 81' lang='lat'><strong>15</strong></span> <span class='ocrx_word' id='word_1_150' title='bbox 249 2038 377 2106; x_wconf 92' lang='lat' dir='ltr'><strong>custodi</strong></span> <span class='ocrx_word' id='word_1_151' title='bbox 407 2045 421 2104; x_wconf 88' lang='lat'>1</span> <span class='ocrx_word' id='word_1_152' title='bbox 449 2055 498 2125; x_wconf 64' lang='lat' dir='ltr'><strong>pt,</strong></span> <span class='ocrx_word' id='word_1_153' title='bbox 534 2043 610 2106; x_wconf 89' lang='lat' dir='ltr'><strong>item</strong></span> <span class='ocrx_word' id='word_1_154' title='bbox 641 2045 726 2128; x_wconf 67' lang='lat'><strong>295.</strong></span> <span class='ocrx_word' id='word_1_155' title='bbox 757 2040 799 2107; x_wconf 90' lang='lat' dir='ltr'><strong>de</strong></span> <span class='ocrx_word' id='word_1_156' title='bbox 825 2041 951 2108; x_wconf 90' lang='lat' dir='ltr'><strong>duabus</strong></span> <span class='ocrx_word' id='word_1_157' title='bbox 980 2041 1089 2107; x_wconf 90' lang='lat' dir='ltr'><strong>missis</strong></span> <span class='ocrx_word' id='word_1_158' title='bbox 1119 2039 1179 2105; x_wconf 92' lang='lat' dir='ltr'><strong>sub</strong></span> <span class='ocrx_word' id='word_1_159' title='bbox 1207 2038 1313 2107; x_wconf 88' lang='lat' dir='ltr'><strong>officio</strong></span> <span class='ocrx_word' id='word_1_160' title='bbox 1341 2038 1568 2111; x_wconf 76' lang='lat' dir='ltr'><strong>defunctorum</strong></span> <span class='ocrx_word' id='word_1_161' title='bbox 1594 2052 1670 2109; x_wconf 85' lang='lat' dir='ltr'><strong>tunc</strong></span> 
     </span>
     <span class='ocr_line' id='line_1_17' title="bbox 246 2136 1670 2228; baseline 0.002 -23"><span class='ocrx_word' id='word_1_162' title='bbox 246 2137 402 2225; x_wconf 87' lang='lat' dir='ltr'><strong>legendis,</strong></span> <span class='ocrx_word' id='word_1_163' title='bbox 443 2141 520 2204; x_wconf 90' lang='lat' dir='ltr'><strong>item</strong></span> <span class='ocrx_word' id='word_1_164' title='bbox 548 2145 561 2203; x_wconf 87' lang='lat' dir='ltr'><strong>l</strong></span> <span class='ocrx_word' id='word_1_165' title='bbox 586 2154 626 2225; x_wconf 67' lang='lat'><strong>95.</strong></span> <span class='ocrx_word' id='word_1_166' title='bbox 655 2138 695 2205; x_wconf 92' lang='lat' dir='ltr'><strong>de</strong></span> <span class='ocrx_word' id='word_1_167' title='bbox 722 2162 832 2228; x_wconf 89' lang='lat' dir='ltr'><strong>panno</strong></span> <span class='ocrx_word' id='word_1_168' title='bbox 858 2140 902 2207; x_wconf 88' lang='lat' dir='ltr'><strong>ad</strong></span> <span class='ocrx_word' id='word_1_169' title='bbox 932 2139 1090 2228; x_wconf 83' lang='lat' dir='ltr'><strong>tumbam,</strong></span> <span class='ocrx_word' id='word_1_170' title='bbox 1111 2140 1191 2205; x_wconf 90' lang='lat' dir='ltr'><strong>item</strong></span> <span class='ocrx_word' id='word_1_171' title='bbox 1220 2146 1234 2206; x_wconf 93' lang='lat'>1</span> <span class='ocrx_word' id='word_1_172' title='bbox 1264 2156 1305 2226; x_wconf 65' lang='lat' dir='ltr'><strong>pt.</strong></span> <span class='ocrx_word' id='word_1_173' title='bbox 1332 2136 1375 2204; x_wconf 92' lang='lat' dir='ltr'><strong>de</strong></span> <span class='ocrx_word' id='word_1_174' title='bbox 1399 2138 1579 2207; x_wconf 86' lang='lat' dir='ltr'><strong>luminibus</strong></span> <span class='ocrx_word' id='word_1_175' title='bbox 1592 2143 1670 2208; x_wconf 86' lang='lat' dir='ltr'><strong>sive</strong></span> 
     </span>
     <span class='ocr_line' id='line_1_18' title="bbox 249 2237 1668 2327; baseline 0.003 -25"><span class='ocrx_word' id='word_1_176' title='bbox 249 2237 392 2303; x_wconf 87' lang='lat' dir='ltr'><strong>candelis</strong></span> <span class='ocrx_word' id='word_1_177' title='bbox 426 2238 514 2303; x_wconf 89' lang='lat' dir='ltr'><strong>circa</strong></span> <span class='ocrx_word' id='word_1_178' title='bbox 542 2238 696 2321; x_wconf 91' lang='lat' dir='ltr'><strong>tumbam,</strong></span> <span class='ocrx_word' id='word_1_179' title='bbox 724 2240 803 2305; x_wconf 90' lang='lat' dir='ltr'><strong>item</strong></span> <span class='ocrx_word' id='word_1_180' title='bbox 830 2247 845 2307; x_wconf 90' lang='lat'>1</span> <span class='ocrx_word' id='word_1_181' title='bbox 869 2255 909 2327; x_wconf 66' lang='lat' dir='ltr'><strong>pt.</strong></span> <span class='ocrx_word' id='word_1_182' title='bbox 937 2239 1063 2305; x_wconf 89' lang='lat' dir='ltr'><strong>duobus</strong></span> <span class='ocrx_word' id='word_1_183' title='bbox 1094 2237 1292 2305; x_wconf 86' lang='lat' dir='ltr'><strong>choralibus:</strong></span> <span class='ocrx_word' id='word_1_184' title='bbox 1323 2238 1448 2305; x_wconf 81' lang='lat' dir='ltr'><strong>faciunt</strong></span> <span class='ocrx_word' id='word_1_185' title='bbox 1477 2240 1513 2304; x_wconf 87' lang='lat' dir='ltr'><strong>in</strong></span> <span class='ocrx_word' id='word_1_186' title='bbox 1546 2262 1668 2306; x_wconf 86' lang='lat' dir='ltr'><strong>summa</strong></span> 
     </span>
     <span class='ocr_line' id='line_1_19' title="bbox 251 2336 1667 2425; baseline 0.003 -21"><span class='ocrx_word' id='word_1_187' title='bbox 251 2341 288 2404; x_wconf 78' lang='lat'><strong>12</strong></span> <span class='ocrx_word' id='word_1_188' title='bbox 308 2352 350 2422; x_wconf 65' lang='lat' dir='ltr'><strong>qt.</strong></span> <span class='ocrx_word' id='word_1_189' title='bbox 371 2344 404 2401; x_wconf 90' lang='lat' dir='ltr'><strong>et</strong></span> <span class='ocrx_word' id='word_1_190' title='bbox 425 2340 503 2418; x_wconf 64' lang='lat'><strong>413.</strong></span> <span class='ocrx_word' id='word_1_191' title='bbox 540 2336 633 2419; x_wconf 81' lang='lat' dir='ltr'><strong>Quae</strong></span> <span class='ocrx_word' id='word_1_192' title='bbox 652 2338 781 2425; x_wconf 89' lang='lat' dir='ltr'><strong>quidem</strong></span> <span class='ocrx_word' id='word_1_193' title='bbox 802 2362 928 2405; x_wconf 90' lang='lat' dir='ltr'><strong>summa</strong></span> <span class='ocrx_word' id='word_1_194' title='bbox 948 2339 1058 2406; x_wconf 88' lang='lat' dir='ltr'><strong>totalis</strong></span> <span class='ocrx_word' id='word_1_195' title='bbox 1078 2337 1227 2404; x_wconf 78' lang='lat' dir='ltr'><strong>natatu</strong></span> <span class='ocrx_word' id='word_1_196' title='bbox 1248 2338 1378 2405; x_wconf 91' lang='lat' dir='ltr'><strong>dominc</strong></span> <span class='ocrx_word' id='word_1_197' title='bbox 1400 2336 1543 2425; x_wconf 90' lang='lat' dir='ltr'><strong>plebano</strong></span> <span class='ocrx_word' id='word_1_198' title='bbox 1566 2340 1667 2407; x_wconf 86' lang='lat' dir='ltr'><strong>saneti</strong></span> 
     </span>
     <span class='ocr_line' id='line_1_20' title="bbox 248 2435 1665 2527; baseline 0.002 -25"><span class='ocrx_word' id='word_1_199' title='bbox 248 2435 376 2502; x_wconf 88' lang='lat' dir='ltr'><strong>Nicolai</strong></span> <span class='ocrx_word' id='word_1_200' title='bbox 398 2457 458 2523; x_wconf 90' lang='lat' dir='ltr'><strong>per</strong></span> <span class='ocrx_word' id='word_1_201' title='bbox 480 2438 703 2524; x_wconf 88' lang='lat' dir='ltr'><strong>praepositum</strong></span> <span class='ocrx_word' id='word_1_202' title='bbox 724 2438 853 2527; x_wconf 87' lang='lat' dir='ltr'><strong>collegii</strong></span> <span class='ocrx_word' id='word_1_203' title='bbox 875 2438 918 2505; x_wconf 90' lang='lat' dir='ltr'><strong>ad</strong></span> <span class='ocrx_word' id='word_1_204' title='bbox 945 2437 1212 2522; x_wconf 87' lang='lat' dir='ltr'><strong>distribuendum,</strong></span> <span class='ocrx_word' id='word_1_205' title='bbox 1234 2438 1317 2503; x_wconf 88' lang='lat' dir='ltr'><strong>sicut</strong></span> <span class='ocrx_word' id='word_1_206' title='bbox 1340 2438 1582 2525; x_wconf 89' lang='lat' dir='ltr'><strong>praescriptum</strong></span> <span class='ocrx_word' id='word_1_207' title='bbox 1610 2448 1665 2505; x_wconf 83' lang='lat' dir='ltr'><strong>est</strong></span> 
     </span>
     <span class='ocr_line' id='line_1_21' title="bbox 207 2534 1665 2626; baseline 0.003 -25"><span class='ocrx_word' id='word_1_208' title='bbox 207 2537 332 2602; x_wconf 83' lang='lat' dir='ltr'><strong>201tem</strong></span> <span class='ocrx_word' id='word_1_209' title='bbox 351 2559 452 2601; x_wconf 93' lang='lat' dir='ltr'><strong>unum</strong></span> <span class='ocrx_word' id='word_1_210' title='bbox 471 2536 627 2604; x_wconf 81' lang='lat' dir='ltr'><strong>talentum</strong></span> <span class='ocrx_word' id='word_1_211' title='bbox 649 2560 744 2604; x_wconf 87' lang='lat' dir='ltr'><strong>cerae</strong></span> <span class='ocrx_word' id='word_1_212' title='bbox 764 2561 824 2625; x_wconf 87' lang='lat' dir='ltr'><strong>pro</strong></span> <span class='ocrx_word' id='word_1_213' title='bbox 846 2537 989 2605; x_wconf 91' lang='lat' dir='ltr'><strong>candelis</strong></span> <span class='ocrx_word' id='word_1_214' title='bbox 1019 2537 1063 2604; x_wconf 89' lang='lat' dir='ltr'><strong>ad</strong></span> <span class='ocrx_word' id='word_1_215' title='bbox 1091 2538 1289 2605; x_wconf 85' lang='lat' dir='ltr'><strong>offertorium</strong></span> <span class='ocrx_word' id='word_1_216' title='bbox 1316 2534 1433 2601; x_wconf 87' lang='lat' dir='ltr'><strong>fiendis</strong></span> <span class='ocrx_word' id='word_1_217' title='bbox 1461 2539 1665 2626; x_wconf 87' lang='lat' dir='ltr'><strong>praepositus</strong></span> 
     </span>
     <span class='ocr_line' id='line_1_22' title="bbox 249 2634 1668 2726; baseline 0.003 -24"><span class='ocrx_word' id='word_1_218' title='bbox 249 2636 382 2723; x_wconf 84' lang='lat' dir='ltr'><strong>collegii</strong></span> <span class='ocrx_word' id='word_1_219' title='bbox 398 2635 558 2724; x_wconf 88' lang='lat' dir='ltr'><strong>disponet.</strong></span> <span class='ocrx_word' id='word_1_220' title='bbox 599 2637 691 2704; x_wconf 91' lang='lat' dir='ltr'><strong>Idem</strong></span> <span class='ocrx_word' id='word_1_221' title='bbox 711 2639 809 2703; x_wconf 88' lang='lat' dir='ltr'><strong>etiam</strong></span> <span class='ocrx_word' id='word_1_222' title='bbox 830 2640 1035 2726; x_wconf 87' lang='lat' dir='ltr'><strong>praepositus</strong></span> <span class='ocrx_word' id='word_1_223' title='bbox 1062 2639 1218 2726; x_wconf 89' lang='lat' dir='ltr'><strong>exequias</strong></span> <span class='ocrx_word' id='word_1_224' title='bbox 1245 2634 1439 2718; x_wconf 85' lang='lat' dir='ltr'><strong>huiusmodi,</strong></span> <span class='ocrx_word' id='word_1_225' title='bbox 1466 2637 1504 2701; x_wconf 89' lang='lat' dir='ltr'><strong>in</strong></span> <span class='ocrx_word' id='word_1_226' title='bbox 1522 2639 1668 2705; x_wconf 82' lang='lat' dir='ltr'><strong>annives-</strong></span> 
     </span>
     <span class='ocr_line' id='line_1_23' title="bbox 248 2728 1667 2825; baseline 0.001 -25"><span class='ocrx_word' id='word_1_227' title='bbox 248 2738 335 2801; x_wconf 88' lang='lat' dir='ltr'><strong>sario</strong></span> <span class='ocrx_word' id='word_1_228' title='bbox 355 2735 519 2802; x_wconf 86' lang='lat' dir='ltr'><strong>antedicto</strong></span> <span class='ocrx_word' id='word_1_229' title='bbox 540 2736 706 2820; x_wconf 85' lang='lat' dir='ltr'><strong>tenendas,</strong></span> <span class='ocrx_word' id='word_1_230' title='bbox 726 2748 824 2824; x_wconf 88' lang='lat' dir='ltr'><strong>prout</strong></span> <span class='ocrx_word' id='word_1_231' title='bbox 845 2761 946 2825; x_wconf 90' lang='lat' dir='ltr'><strong>supra</strong></span> <span class='ocrx_word' id='word_1_232' title='bbox 967 2739 1130 2824; x_wconf 83' lang='lat' dir='ltr'><strong>signatum</strong></span> <span class='ocrx_word' id='word_1_233' title='bbox 1151 2747 1214 2819; x_wconf 91' lang='lat' dir='ltr'><strong>est,</strong></span> <span class='ocrx_word' id='word_1_234' title='bbox 1241 2728 1427 2801; x_wconf 88' lang='lat' dir='ltr'><strong>doctoribus</strong></span> <span class='ocrx_word' id='word_1_235' title='bbox 1446 2744 1480 2800; x_wconf 89' lang='lat' dir='ltr'><strong>et</strong></span> <span class='ocrx_word' id='word_1_236' title='bbox 1502 2738 1667 2823; x_wconf 84' lang='lat' dir='ltr'><strong>magistris</strong></span> 
     </span>
     <span class='ocr_line' id='line_1_24' title="bbox 249 2833 1667 2925; baseline 0.003 -25"><span class='ocrx_word' id='word_1_237' title='bbox 249 2833 446 2901; x_wconf 87' lang='lat' dir='ltr'><strong>denunciare</strong></span> <span class='ocrx_word' id='word_1_238' title='bbox 465 2844 601 2901; x_wconf 89' lang='lat' dir='ltr'><strong>tenetur.</strong></span> <span class='ocrx_word' id='word_1_239' title='bbox 641 2835 687 2902; x_wconf 82' lang='lat' dir='ltr'><strong>Et</strong></span> <span class='ocrx_word' id='word_1_240' title='bbox 712 2837 828 2924; x_wconf 81' lang='lat' dir='ltr'><strong>peragi</strong></span> <span class='ocrx_word' id='word_1_241' title='bbox 849 2836 946 2902; x_wconf 90' lang='lat' dir='ltr'><strong>debet</strong></span> <span class='ocrx_word' id='word_1_242' title='bbox 967 2835 1154 2924; x_wconf 86' lang='lat' dir='ltr'><strong>praedictus</strong></span> <span class='ocrx_word' id='word_1_243' title='bbox 1175 2834 1419 2901; x_wconf 84' lang='lat' dir='ltr'><strong>anniversarius</strong></span> <span class='ocrx_word' id='word_1_244' title='bbox 1439 2856 1500 2921; x_wconf 87' lang='lat' dir='ltr'><strong>per</strong></span> <span class='ocrx_word' id='word_1_245' title='bbox 1520 2835 1667 2925; x_wconf 84' lang='lat' dir='ltr'><strong>collegia·</strong></span> 
     </span>
     <span class='ocr_line' id='line_1_25' title="bbox 250 2932 1668 3024; baseline 0.003 -25"><span class='ocrx_word' id='word_1_246' title='bbox 250 2942 302 3000; x_wconf 88' lang='lat' dir='ltr'><strong>tos</strong></span> <span class='ocrx_word' id='word_1_247' title='bbox 322 2934 418 3000; x_wconf 89' lang='lat' dir='ltr'><strong>huius</strong></span> <span class='ocrx_word' id='word_1_248' title='bbox 438 2934 574 3022; x_wconf 89' lang='lat' dir='ltr'><strong>collegii,</strong></span> <span class='ocrx_word' id='word_1_249' title='bbox 603 2943 739 3024; x_wconf 90' lang='lat' dir='ltr'><strong>quorum</strong></span> <span class='ocrx_word' id='word_1_250' title='bbox 764 2934 900 3023; x_wconf 90' lang='lat' dir='ltr'><strong>quilibet</strong></span> <span class='ocrx_word' id='word_1_251' title='bbox 924 2937 959 3001; x_wconf 93' lang='lat' dir='ltr'><strong>in</strong></span> <span class='ocrx_word' id='word_1_252' title='bbox 986 2946 1123 3023; x_wconf 87' lang='lat' dir='ltr'><strong>utroque</strong></span> <span class='ocrx_word' id='word_1_253' title='bbox 1148 2934 1254 3000; x_wconf 86' lang='lat' dir='ltr'><strong>officio</strong></span> <span class='ocrx_word' id='word_1_254' title='bbox 1282 2954 1437 3020; x_wconf 76' lang='lat' dir='ltr'><strong>praecem</strong></span> <span class='ocrx_word' id='word_1_255' title='bbox 1463 2932 1601 3002; x_wconf 88' lang='lat' dir='ltr'><strong>babebit</strong></span> <span class='ocrx_word' id='word_1_256' title='bbox 1619 2936 1668 3003; x_wconf 81' lang='lat' dir='ltr'><strong>de-</strong></span> 
     </span>
     <span class='ocr_line' id='line_1_26' title="bbox 208 3033 1668 3124; baseline 0.003 -25"><span class='ocrx_word' id='word_1_257' title='bbox 208 3042 321 3100; x_wconf 82' lang='lat' dir='ltr'><strong>250em</strong></span> <span class='ocrx_word' id='word_1_258' title='bbox 339 3049 381 3119; x_wconf 67' lang='lat' dir='ltr'><strong>pt.</strong></span> <span class='ocrx_word' id='word_1_259' title='bbox 402 3036 561 3122; x_wconf 91' lang='lat' dir='ltr'><strong>antiquos.</strong></span> <span class='ocrx_word' id='word_1_260' title='bbox 593 3033 728 3103; x_wconf 77' lang='lat' dir='ltr'><strong>sivero</strong></span> <span class='ocrx_word' id='word_1_261' title='bbox 749 3045 919 3124; x_wconf 85' lang='lat' dir='ltr'><strong>utrumque</strong></span> <span class='ocrx_word' id='word_1_262' title='bbox 939 3033 1129 3121; x_wconf 86' lang='lat' dir='ltr'><strong>neglexerit,</strong></span> <span class='ocrx_word' id='word_1_263' title='bbox 1152 3033 1276 3099; x_wconf 89' lang='lat' dir='ltr'><strong>carebit</strong></span> <span class='ocrx_word' id='word_1_264' title='bbox 1297 3054 1339 3097; x_wconf 89' lang='lat' dir='ltr'><strong>ex</strong></span> <span class='ocrx_word' id='word_1_265' title='bbox 1360 3040 1437 3114; x_wconf 85' lang='lat' dir='ltr'><strong>toto,</strong></span> <span class='ocrx_word' id='word_1_266' title='bbox 1460 3035 1490 3099; x_wconf 89' lang='lat' dir='ltr'><strong>si</strong></span> <span class='ocrx_word' id='word_1_267' title='bbox 1509 3045 1619 3102; x_wconf 87' lang='lat' dir='ltr'><strong>autem</strong></span> <span class='ocrx_word' id='word_1_268' title='bbox 1635 3037 1668 3103; x_wconf 92' lang='lat' dir='ltr'><strong>iu</strong></span> 
     </span>
     <span class='ocr_line' id='line_1_27' title="bbox 251 3130 1668 3220; baseline 0.004 -23"><span class='ocrx_word' id='word_1_269' title='bbox 251 3132 354 3198; x_wconf 80' lang='lat' dir='ltr'><strong>altero</strong></span> <span class='ocrx_word' id='word_1_270' title='bbox 374 3155 485 3201; x_wconf 90' lang='lat' dir='ltr'><strong>eorum</strong></span> <span class='ocrx_word' id='word_1_271' title='bbox 507 3134 646 3219; x_wconf 80' lang='lat' dir='ltr'><strong>affuerit,</strong></span> <span class='ocrx_word' id='word_1_272' title='bbox 673 3136 878 3201; x_wconf 88' lang='lat' dir='ltr'><strong>medietatem</strong></span> <span class='ocrx_word' id='word_1_273' title='bbox 904 3133 1064 3200; x_wconf 75' lang='lat' dir='ltr'><strong>drmtaxat</strong></span> <span class='ocrx_word' id='word_1_274' title='bbox 1087 3131 1230 3199; x_wconf 85' lang='lat' dir='ltr'><strong>habebit</strong></span> <span class='ocrx_word' id='word_1_275' title='bbox 1271 3130 1428 3199; x_wconf 84' lang='lat' dir='ltr'><strong>Similiter</strong></span> <span class='ocrx_word' id='word_1_276' title='bbox 1454 3154 1515 3220; x_wconf 86' lang='lat' dir='ltr'><strong>per</strong></span> <span class='ocrx_word' id='word_1_277' title='bbox 1535 3157 1668 3203; x_wconf 85' lang='lat' dir='ltr'><strong>conven-</strong></span> 
     </span>
     <span class='ocr_line' id='line_1_28' title="bbox 250 3231 1668 3320; baseline 0.003 -22"><span class='ocrx_word' id='word_1_278' title='bbox 250 3241 364 3317; x_wconf 90' lang='lat' dir='ltr'><strong>torem,</strong></span> <span class='ocrx_word' id='word_1_279' title='bbox 387 3235 416 3300; x_wconf 93' lang='lat' dir='ltr'><strong>si</strong></span> <span class='ocrx_word' id='word_1_280' title='bbox 435 3233 624 3320; x_wconf 88' lang='lat' dir='ltr'><strong>collegiatus</strong></span> <span class='ocrx_word' id='word_1_281' title='bbox 646 3256 711 3301; x_wconf 85' lang='lat' dir='ltr'><strong>non</strong></span> <span class='ocrx_word' id='word_1_282' title='bbox 731 3236 843 3318; x_wconf 79' lang='lat' dir='ltr'><strong>brerit,</strong></span> <span class='ocrx_word' id='word_1_283' title='bbox 869 3256 935 3299; x_wconf 89' lang='lat' dir='ltr'><strong>una</strong></span> <span class='ocrx_word' id='word_1_284' title='bbox 962 3255 1036 3299; x_wconf 91' lang='lat' dir='ltr'><strong>cum</strong></span> <span class='ocrx_word' id='word_1_285' title='bbox 1056 3233 1198 3320; x_wconf 90' lang='lat' dir='ltr'><strong>quinque</strong></span> <span class='ocrx_word' id='word_1_286' title='bbox 1216 3231 1382 3319; x_wconf 82' lang='lat' dir='ltr'><strong>magistris</strong></span> <span class='ocrx_word' id='word_1_287' title='bbox 1407 3233 1557 3300; x_wconf 85' lang='lat' dir='ltr'><strong>nacionis</strong></span> <span class='ocrx_word' id='word_1_288' title='bbox 1575 3233 1668 3301; x_wconf 74' lang='lat' dir='ltr'><strong>bava</strong></span> 
     </span>
     <span class='ocr_line' id='line_1_29' title="bbox 249 3328 1668 3420; baseline 0.002 -22"><span class='ocrx_word' id='word_1_289' title='bbox 249 3334 347 3416; x_wconf 89' lang='lat' dir='ltr'><strong>ricae,</strong></span> <span class='ocrx_word' id='word_1_290' title='bbox 375 3356 456 3420; x_wconf 87' lang='lat' dir='ltr'><strong>quos</strong></span> <span class='ocrx_word' id='word_1_291' title='bbox 478 3343 554 3420; x_wconf 92' lang='lat' dir='ltr'><strong>post</strong></span> <span class='ocrx_word' id='word_1_292' title='bbox 572 3332 697 3399; x_wconf 92' lang='lat' dir='ltr'><strong>obitum</strong></span> <span class='ocrx_word' id='word_1_293' title='bbox 717 3333 859 3400; x_wconf 88' lang='lat' dir='ltr'><strong>doctoris</strong></span> <span class='ocrx_word' id='word_1_294' title='bbox 880 3331 967 3398; x_wconf 86' lang='lat' dir='ltr'><strong>Sixti</strong></span> <span class='ocrx_word' id='word_1_295' title='bbox 985 3333 1074 3398; x_wconf 88' lang='lat' dir='ltr'><strong>natio</strong></span> <span class='ocrx_word' id='word_1_296' title='bbox 1095 3330 1252 3397; x_wconf 82' lang='lat' dir='ltr'><strong>bavarica</strong></span> <span class='ocrx_word' id='word_1_297' title='bbox 1272 3328 1463 3414; x_wconf 86' lang='lat' dir='ltr'><strong>nominabit,</strong></span> <span class='ocrx_word' id='word_1_298' title='bbox 1488 3354 1530 3398; x_wconf 87' lang='lat' dir='ltr'><strong>ac</strong></span> <span class='ocrx_word' id='word_1_299' title='bbox 1549 3332 1668 3401; x_wconf 85' lang='lat' dir='ltr'><strong>duobus</strong></span> 
     </span>
     <span class='ocr_line' id='line_1_30' title="bbox 251 3424 1669 3521; baseline 0.001 -23"><span class='ocrx_word' id='word_1_300' title='bbox 251 3432 463 3516; x_wconf 88' lang='lat' dir='ltr'><strong>studentibus,</strong></span> <span class='ocrx_word' id='word_1_301' title='bbox 487 3432 682 3520; x_wconf 87' lang='lat' dir='ltr'><strong>stipendium</strong></span> <span class='ocrx_word' id='word_1_302' title='bbox 703 3456 746 3498; x_wconf 91' lang='lat' dir='ltr'><strong>ex</strong></span> <span class='ocrx_word' id='word_1_303' title='bbox 767 3432 933 3521; x_wconf 87' lang='lat' dir='ltr'><strong>saepefato</strong></span> <span class='ocrx_word' id='word_1_304' title='bbox 945 3432 1088 3497; x_wconf 86' lang='lat' dir='ltr'><strong>doctoris</strong></span> <span class='ocrx_word' id='word_1_305' title='bbox 1105 3439 1296 3496; x_wconf 87' lang='lat' dir='ltr'><strong>testamento</strong></span> <span class='ocrx_word' id='word_1_306' title='bbox 1309 3424 1515 3514; x_wconf 86' lang='lat' dir='ltr'><strong>habentibus,</strong></span> <span class='ocrx_word' id='word_1_307' title='bbox 1539 3455 1669 3521; x_wconf 82' lang='lat' dir='ltr'><strong>quonun</strong></span> 
     </span>
     <span class='ocr_line' id='line_1_31' title="bbox 209 3527 1668 3621; baseline 0.001 -23"><span class='ocrx_word' id='word_1_308' title='bbox 209 3533 482 3618; x_wconf 77' lang='lat' dir='ltr'><strong>tomagistrorum</strong></span> <span class='ocrx_word' id='word_1_309' title='bbox 504 3533 610 3617; x_wconf 84' lang='lat' dir='ltr'><strong>quivis</strong></span> <span class='ocrx_word' id='word_1_310' title='bbox 640 3541 779 3621; x_wconf 90' lang='lat' dir='ltr'><strong>quatuor</strong></span> <span class='ocrx_word' id='word_1_311' title='bbox 807 3531 941 3597; x_wconf 89' lang='lat' dir='ltr'><strong>babebit</strong></span> <span class='ocrx_word' id='word_1_312' title='bbox 961 3546 1010 3618; x_wconf 68' lang='lat'><strong>95,</strong></span> <span class='ocrx_word' id='word_1_313' title='bbox 1038 3530 1205 3596; x_wconf 89' lang='lat' dir='ltr'><strong>studentes</strong></span> <span class='ocrx_word' id='word_1_314' title='bbox 1226 3551 1305 3594; x_wconf 87' lang='lat' dir='ltr'><strong>vero</strong></span> <span class='ocrx_word' id='word_1_315' title='bbox 1328 3527 1465 3615; x_wconf 89' lang='lat' dir='ltr'><strong>quilibet</strong></span> <span class='ocrx_word' id='word_1_316' title='bbox 1494 3530 1580 3599; x_wconf 90' lang='lat' dir='ltr'><strong>duos</strong></span> <span class='ocrx_word' id='word_1_317' title='bbox 1604 3544 1668 3599; x_wconf 87' lang='lat' dir='ltr'><strong>tsn-</strong></span> 
     </span>
     <span class='ocr_line' id='line_1_32' title="bbox 249 3627 1668 3721; baseline 0.001 -24"><span class='ocrx_word' id='word_1_318' title='bbox 249 3641 329 3715; x_wconf 69' lang='lat' dir='ltr'><strong>tum</strong></span> <span class='ocrx_word' id='word_1_319' title='bbox 352 3654 424 3696; x_wconf 89' lang='lat' dir='ltr'><strong>cum</strong></span> <span class='ocrx_word' id='word_1_320' title='bbox 445 3632 581 3697; x_wconf 87' lang='lat' dir='ltr'><strong>fecerint</strong></span> <span class='ocrx_word' id='word_1_321' title='bbox 600 3630 760 3697; x_wconf 85' lang='lat' dir='ltr'><strong>facienda.</strong></span> <span class='ocrx_word' id='word_1_322' title='bbox 780 3627 865 3718; x_wconf 76' lang='lat'>[30¹]</span> <span class='ocrx_word' id='word_1_323' title='bbox 909 3629 1003 3712; x_wconf 82' lang='lat' dir='ltr'><strong>Quae</strong></span> <span class='ocrx_word' id='word_1_324' title='bbox 1023 3631 1132 3695; x_wconf 89' lang='lat' dir='ltr'><strong>omnia</strong></span> <span class='ocrx_word' id='word_1_325' title='bbox 1153 3639 1185 3694; x_wconf 88' lang='lat' dir='ltr'><strong>et</strong></span> <span class='ocrx_word' id='word_1_326' title='bbox 1206 3628 1333 3715; x_wconf 87' lang='lat' dir='ltr'><strong>singula</strong></span> <span class='ocrx_word' id='word_1_327' title='bbox 1354 3631 1562 3719; x_wconf 84' lang='lat' dir='ltr'><strong>praescripta</strong></span> <span class='ocrx_word' id='word_1_328' title='bbox 1581 3654 1668 3721; x_wconf 84' lang='lat' dir='ltr'><strong>prae</strong></span> 
     </span>
     <span class='ocr_line' id='line_1_33' title="bbox 182 3722 1670 3819; baseline 0.003 -24"><span class='ocrx_word' id='word_1_329' title='bbox 182 3722 187 3731; x_wconf 45' lang='lat'><strong>⁴</strong></span> <span class='ocrx_word' id='word_1_330' title='bbox 251 3731 376 3818; x_wconf 88' lang='lat' dir='ltr'><strong>positus</strong></span> <span class='ocrx_word' id='word_1_331' title='bbox 397 3730 526 3817; x_wconf 87' lang='lat' dir='ltr'><strong>collegii</strong></span> <span class='ocrx_word' id='word_1_332' title='bbox 554 3732 711 3819; x_wconf 90' lang='lat' dir='ltr'><strong>principis</strong></span> <span class='ocrx_word' id='word_1_333' title='bbox 738 3731 926 3795; x_wconf 90' lang='lat' dir='ltr'><strong>execucioni</strong></span> <span class='ocrx_word' id='word_1_334' title='bbox 951 3729 1088 3795; x_wconf 87' lang='lat' dir='ltr'><strong>fideliter</strong></span> <span class='ocrx_word' id='word_1_335' title='bbox 1114 3727 1326 3795; x_wconf 91' lang='lat' dir='ltr'><strong>demandabit</strong></span> <span class='ocrx_word' id='word_1_336' title='bbox 1352 3738 1449 3815; x_wconf 90' lang='lat' dir='ltr'><strong>atque</strong></span> <span class='ocrx_word' id='word_1_337' title='bbox 1471 3730 1622 3798; x_wconf 84' lang='lat' dir='ltr'><strong>omnibus</strong></span> <span class='ocrx_word' id='word_1_338' title='bbox 1641 3742 1670 3798; x_wconf 86' lang='lat' dir='ltr'><strong>et</strong></span> 
     </span>
     <span class='ocr_line' id='line_1_34' title="bbox 253 3826 1668 3919; baseline 0.002 -26"><span class='ocrx_word' id='word_1_339' title='bbox 253 3829 389 3915; x_wconf 87' lang='lat' dir='ltr'><strong>singulis</strong></span> <span class='ocrx_word' id='word_1_340' title='bbox 416 3830 509 3894; x_wconf 90' lang='lat' dir='ltr'><strong>iuxta</strong></span> <span class='ocrx_word' id='word_1_341' title='bbox 537 3838 751 3917; x_wconf 88' lang='lat' dir='ltr'><strong>praenarrata</strong></span> <span class='ocrx_word' id='word_1_342' title='bbox 779 3829 974 3895; x_wconf 91' lang='lat' dir='ltr'><strong>solucionem</strong></span> <span class='ocrx_word' id='word_1_343' title='bbox 995 3829 1117 3894; x_wconf 90' lang='lat' dir='ltr'><strong>realem</strong></span> <span class='ocrx_word' id='word_1_344' title='bbox 1145 3828 1252 3893; x_wconf 82' lang='lat' dir='ltr'><strong>faciet</strong></span> <span class='ocrx_word' id='word_1_345' title='bbox 1294 3826 1422 3909; x_wconf 77' lang='lat' dir='ltr'><strong>Quibus</strong></span> <span class='ocrx_word' id='word_1_346' title='bbox 1441 3830 1500 3912; x_wconf 85' lang='lat' dir='ltr'><strong>sic,</strong></span> <span class='ocrx_word' id='word_1_347' title='bbox 1520 3840 1559 3895; x_wconf 91' lang='lat' dir='ltr'><strong>ut</strong></span> <span class='ocrx_word' id='word_1_348' title='bbox 1582 3852 1668 3919; x_wconf 84' lang='lat' dir='ltr'><strong>prae</strong></span> 
     </span>
     <span class='ocr_line' id='line_1_35' title="bbox 251 3926 1668 4015; baseline 0.003 -23"><span class='ocrx_word' id='word_1_349' title='bbox 251 3929 399 4011; x_wconf 89' lang='lat' dir='ltr'><strong>mittitur,</strong></span> <span class='ocrx_word' id='word_1_350' title='bbox 421 3927 581 4015; x_wconf 89' lang='lat' dir='ltr'><strong>expeditis</strong></span> <span class='ocrx_word' id='word_1_351' title='bbox 601 3939 634 3995; x_wconf 91' lang='lat' dir='ltr'><strong>et</strong></span> <span class='ocrx_word' id='word_1_352' title='bbox 662 3928 825 3994; x_wconf 86' lang='lat' dir='ltr'><strong>solvendis</strong></span> <span class='ocrx_word' id='word_1_353' title='bbox 854 3927 977 4012; x_wconf 91' lang='lat' dir='ltr'><strong>solutis,</strong></span> <span class='ocrx_word' id='word_1_354' title='bbox 1005 3930 1034 3993; x_wconf 90' lang='lat' dir='ltr'><strong>si</strong></span> <span class='ocrx_word' id='word_1_355' title='bbox 1060 3928 1141 4013; x_wconf 93' lang='lat' dir='ltr'><strong>quid</strong></span> <span class='ocrx_word' id='word_1_356' title='bbox 1167 3949 1209 3992; x_wconf 88' lang='lat' dir='ltr'><strong>ex</strong></span> <span class='ocrx_word' id='word_1_357' title='bbox 1239 3926 1389 3993; x_wconf 87' lang='lat' dir='ltr'><strong>censibus</strong></span> <span class='ocrx_word' id='word_1_358' title='bbox 1415 3927 1583 3995; x_wconf 89' lang='lat' dir='ltr'><strong>residuum</strong></span> <span class='ocrx_word' id='word_1_359' title='bbox 1604 3932 1668 4013; x_wconf 83' lang='lat' dir='ltr'><strong>erit,</strong></span> 
     </span>
     <span class='ocr_line' id='line_1_36' title="bbox 211 4026 1255 4115; baseline 0 -23"><span class='ocrx_word' id='word_1_360' title='bbox 211 4036 312 4114; x_wconf 78' lang='lat' dir='ltr'><strong>35pro</strong></span> <span class='ocrx_word' id='word_1_361' title='bbox 334 4026 414 4093; x_wconf 88' lang='lat' dir='ltr'><strong>fisco</strong></span> <span class='ocrx_word' id='word_1_362' title='bbox 436 4027 563 4115; x_wconf 89' lang='lat' dir='ltr'><strong>collegii</strong></span> <span class='ocrx_word' id='word_1_363' title='bbox 582 4039 775 4095; x_wconf 87' lang='lat' dir='ltr'><strong>reservetur.</strong></span> <span class='ocrx_word' id='word_1_364' title='bbox 815 4027 869 4093; x_wconf 89' lang='lat' dir='ltr'><strong>Ad</strong></span> <span class='ocrx_word' id='word_1_365' title='bbox 890 4027 942 4092; x_wconf 92' lang='lat' dir='ltr'><strong>dei</strong></span> <span class='ocrx_word' id='word_1_366' title='bbox 961 4026 1100 4093; x_wconf 87' lang='lat' dir='ltr'><strong>laudem</strong></span> <span class='ocrx_word' id='word_1_367' title='bbox 1141 4027 1255 4093; x_wconf 88' lang='lat' dir='ltr'><strong>Amen.</strong></span> 
     </span>
    </p>

    <p class='ocr_par' dir='ltr' id='par_1_3' title="bbox 251 4124 1669 4512">
     <span class='ocr_line' id='line_1_37' title="bbox 336 4124 1669 4215; baseline 0.003 -24"><span class='ocrx_word' id='word_1_368' title='bbox 336 4130 382 4191; x_wconf 77' lang='lat'><strong>12.</strong></span> <span class='ocrx_word' id='word_1_369' title='bbox 411 4126 466 4192; x_wconf 84' lang='lat' dir='ltr'><strong>Ex</strong></span> <span class='ocrx_word' id='word_1_370' title='bbox 494 4137 569 4214; x_wconf 93' lang='lat' dir='ltr'><strong>post</strong></span> <span class='ocrx_word' id='word_1_371' title='bbox 588 4150 673 4193; x_wconf 89' lang='lat' dir='ltr'><strong>anno</strong></span> <span class='ocrx_word' id='word_1_372' title='bbox 693 4127 864 4193; x_wconf 86' lang='lat' dir='ltr'><strong>millesime</strong></span> <span class='ocrx_word' id='word_1_373' title='bbox 888 4128 1143 4215; x_wconf 88' lang='lat' dir='ltr'><strong>quingentesimo</strong></span> <span class='ocrx_word' id='word_1_374' title='bbox 1165 4134 1258 4191; x_wconf 91' lang='lat' dir='ltr'><strong>sexto</strong></span> <span class='ocrx_word' id='word_1_375' title='bbox 1279 4124 1443 4190; x_wconf 90' lang='lat' dir='ltr'><strong>dominica</strong></span> <span class='ocrx_word' id='word_1_376' title='bbox 1463 4136 1541 4214; x_wconf 92' lang='lat' dir='ltr'><strong>post</strong></span> <span class='ocrx_word' id='word_1_377' title='bbox 1560 4130 1669 4195; x_wconf 81' lang='lat' dir='ltr'><strong>nativi·</strong></span> 
     </span>
     <span class='ocr_line' id='line_1_38' title="bbox 251 4221 1668 4313; baseline 0.002 -23"><span class='ocrx_word' id='word_1_378' title='bbox 251 4226 327 4290; x_wconf 89' lang='lat' dir='ltr'><strong>tatis</strong></span> <span class='ocrx_word' id='word_1_379' title='bbox 348 4224 600 4312; x_wconf 89' lang='lat' dir='ltr'><strong>gloriosissimae</strong></span> <span class='ocrx_word' id='word_1_380' title='bbox 619 4229 756 4313; x_wconf 89' lang='lat' dir='ltr'><strong>virginis</strong></span> <span class='ocrx_word' id='word_1_381' title='bbox 777 4226 911 4292; x_wconf 84' lang='lat' dir='ltr'><strong>Mariae</strong></span> <span class='ocrx_word' id='word_1_382' title='bbox 924 4221 1020 4313; x_wconf 85' lang='lat'>(1506</span> <span class='ocrx_word' id='word_1_383' title='bbox 1034 4232 1063 4290; x_wconf 84' lang='lat' dir='ltr'><strong>d.</strong></span> <span class='ocrx_word' id='word_1_384' title='bbox 1076 4231 1122 4294; x_wconf 83' lang='lat'><strong>13.</strong></span> <span class='ocrx_word' id='word_1_385' title='bbox 1137 4225 1318 4312; x_wconf 79' lang='lat' dir='ltr'><strong>September)</strong></span> <span class='ocrx_word' id='word_1_386' title='bbox 1339 4225 1421 4293; x_wconf 91' lang='lat' dir='ltr'><strong>obiit</strong></span> <span class='ocrx_word' id='word_1_387' title='bbox 1440 4228 1595 4313; x_wconf 88' lang='lat' dir='ltr'><strong>egregius</strong></span> <span class='ocrx_word' id='word_1_388' title='bbox 1614 4230 1668 4310; x_wconf 86' lang='lat' dir='ltr'><strong>vir,</strong></span> 
     </span>
     <span class='ocr_line' id='line_1_39' title="bbox 252 4323 1669 4408; baseline -0.001 -16"><span class='ocrx_word' id='word_1_389' title='bbox 252 4325 402 4392; x_wconf 89' lang='lat' dir='ltr'><strong>dominus</strong></span> <span class='ocrx_word' id='word_1_390' title='bbox 433 4326 638 4393; x_wconf 89' lang='lat' dir='ltr'><strong>Iohannes</strong></span> <span class='ocrx_word' id='word_1_391' title='bbox 672 4324 870 4392; x_wconf 87' lang='lat' dir='ltr'><strong>Reinbart</strong></span> <span class='ocrx_word' id='word_1_392' title='bbox 904 4324 950 4390; x_wconf 90' lang='lat' dir='ltr'><strong>de</strong></span> <span class='ocrx_word' id='word_1_393' title='bbox 982 4323 1222 4408; x_wconf 86' lang='lat' dir='ltr'><strong>Zcebicker,</strong></span> <span class='ocrx_word' id='word_1_394' title='bbox 1259 4326 1378 4391; x_wconf 67' lang='lat' dir='ltr'><strong>mtium</strong></span> <span class='ocrx_word' id='word_1_395' title='bbox 1408 4333 1442 4389; x_wconf 91' lang='lat' dir='ltr'><strong>et</strong></span> <span class='ocrx_word' id='word_1_396' title='bbox 1471 4323 1669 4393; x_wconf 83' lang='lat' dir='ltr'><strong>decretorum</strong></span> 
     </span>
     <span class='ocr_line' id='line_1_40' title="bbox 252 4423 1668 4512; baseline 0.001 -22"><span class='ocrx_word' id='word_1_397' title='bbox 252 4424 375 4508; x_wconf 90' lang='lat' dir='ltr'><strong>doctor,</strong></span> <span class='ocrx_word' id='word_1_398' title='bbox 399 4423 529 4512; x_wconf 89' lang='lat' dir='ltr'><strong>collegii</strong></span> <span class='ocrx_word' id='word_1_399' title='bbox 549 4427 652 4492; x_wconf 89' lang='lat' dir='ltr'><strong>nostri</strong></span> <span class='ocrx_word' id='word_1_400' title='bbox 681 4425 879 4512; x_wconf 75' lang='lat' dir='ltr'><strong>collegiatus,</strong></span> <span class='ocrx_word' id='word_1_401' title='bbox 906 4425 1044 4511; x_wconf 89' lang='lat' dir='ltr'><strong>insignis</strong></span> <span class='ocrx_word' id='word_1_402' title='bbox 1065 4424 1222 4490; x_wconf 88' lang='lat' dir='ltr'><strong>ecclesiae</strong></span> <span class='ocrx_word' id='word_1_403' title='bbox 1241 4423 1523 4511; x_wconf 84' lang='lat' dir='ltr'><strong>Merseburgensis</strong></span> <span class='ocrx_word' id='word_1_404' title='bbox 1545 4427 1668 4493; x_wconf 84' lang='lat' dir='ltr'><strong>canoni·</strong></span> 
     </span>
    </p>

    <p class='ocr_par' dir='ltr' id='par_1_4' title="bbox 211 4523 1669 5210">
     <span class='ocr_line' id='line_1_41' title="bbox 211 4523 1669 4611; baseline 0.001 -22"><span class='ocrx_word' id='word_1_405' title='bbox 211 4533 320 4589; x_wconf 72' lang='lat' dir='ltr'><strong>locus.</strong></span> <span class='ocrx_word' id='word_1_406' title='bbox 362 4523 427 4605; x_wconf 81' lang='lat' dir='ltr'><strong>Qui</strong></span> <span class='ocrx_word' id='word_1_407' title='bbox 448 4526 482 4590; x_wconf 94' lang='lat' dir='ltr'><strong>in</strong></span> <span class='ocrx_word' id='word_1_408' title='bbox 501 4534 692 4591; x_wconf 88' lang='lat' dir='ltr'><strong>testamento</strong></span> <span class='ocrx_word' id='word_1_409' title='bbox 720 4547 777 4590; x_wconf 92' lang='lat' dir='ltr'><strong>suo</strong></span> <span class='ocrx_word' id='word_1_410' title='bbox 806 4523 941 4610; x_wconf 86' lang='lat' dir='ltr'><strong>collegio</strong></span> <span class='ocrx_word' id='word_1_411' title='bbox 970 4525 1130 4611; x_wconf 90' lang='lat' dir='ltr'><strong>principis</strong></span> <span class='ocrx_word' id='word_1_412' title='bbox 1158 4524 1280 4611; x_wconf 86' lang='lat' dir='ltr'><strong>legavit</strong></span> <span class='ocrx_word' id='word_1_413' title='bbox 1305 4523 1431 4588; x_wconf 85' lang='lat' dir='ltr'><strong>litteras</strong></span> <span class='ocrx_word' id='word_1_414' title='bbox 1458 4525 1669 4610; x_wconf 87' lang='lat' dir='ltr'><strong>reempcionis</strong></span> 
     </span>
     <span class='ocr_line' id='line_1_42' title="bbox 252 4621 1669 4713; baseline 0.001 -25"><span class='ocrx_word' id='word_1_415' title='bbox 252 4625 392 4711; x_wconf 91' lang='lat' dir='ltr'><strong>quinque</strong></span> <span class='ocrx_word' id='word_1_416' title='bbox 422 4623 617 4689; x_wconf 89' lang='lat' dir='ltr'><strong>florenorum</strong></span> <span class='ocrx_word' id='word_1_417' title='bbox 647 4624 864 4711; x_wconf 85' lang='lat' dir='ltr'><strong>reynensium,</strong></span> <span class='ocrx_word' id='word_1_418' title='bbox 890 4645 951 4710; x_wconf 87' lang='lat' dir='ltr'><strong>pro</strong></span> <span class='ocrx_word' id='word_1_419' title='bbox 973 4632 1100 4689; x_wconf 89' lang='lat' dir='ltr'><strong>centum</strong></span> <span class='ocrx_word' id='word_1_420' title='bbox 1126 4622 1259 4688; x_wconf 90' lang='lat' dir='ltr'><strong>florenis</strong></span> <span class='ocrx_word' id='word_1_421' title='bbox 1285 4624 1357 4688; x_wconf 85' lang='lat' dir='ltr'><strong>auri</strong></span> <span class='ocrx_word' id='word_1_422' title='bbox 1384 4623 1557 4709; x_wconf 80' lang='lat' dir='ltr'><strong>reynensis</strong></span> <span class='ocrx_word' id='word_1_423' title='bbox 1586 4621 1669 4713; x_wconf 83' lang='lat' dir='ltr'><strong>apud</strong></span> 
     </span>
     <span class='ocr_line' id='line_1_43' title="bbox 254 4721 1667 4811; baseline 0.002 -25"><span class='ocrx_word' id='word_1_424' title='bbox 254 4721 455 4788; x_wconf 77' lang='lat' dir='ltr'><strong>conssdatum</strong></span> <span class='ocrx_word' id='word_1_425' title='bbox 485 4722 694 4810; x_wconf 86' lang='lat' dir='ltr'><strong>Liptaensem</strong></span> <span class='ocrx_word' id='word_1_426' title='bbox 726 4733 914 4809; x_wconf 88' lang='lat' dir='ltr'><strong>emptorum.</strong></span> <span class='ocrx_word' id='word_1_427' title='bbox 957 4721 1050 4804; x_wconf 82' lang='lat' dir='ltr'><strong>Quae</strong></span> <span class='ocrx_word' id='word_1_428' title='bbox 1086 4721 1221 4809; x_wconf 89' lang='lat' dir='ltr'><strong>collegio</strong></span> <span class='ocrx_word' id='word_1_429' title='bbox 1254 4744 1314 4811; x_wconf 91' lang='lat' dir='ltr'><strong>per</strong></span> <span class='ocrx_word' id='word_1_430' title='bbox 1352 4742 1427 4786; x_wconf 88' lang='lat' dir='ltr'><strong>suos</strong></span> <span class='ocrx_word' id='word_1_431' title='bbox 1466 4729 1667 4789; x_wconf 79' lang='lat' dir='ltr'><strong>testamenta-</strong></span> 
     </span>
     <span class='ocr_line' id='line_1_44' title="bbox 252 4821 1668 4908; baseline 0.003 -23"><span class='ocrx_word' id='word_1_432' title='bbox 252 4822 318 4886; x_wconf 90' lang='lat' dir='ltr'><strong>rios</strong></span> <span class='ocrx_word' id='word_1_433' title='bbox 346 4831 420 4887; x_wconf 92' lang='lat' dir='ltr'><strong>sunt</strong></span> <span class='ocrx_word' id='word_1_434' title='bbox 447 4831 680 4908; x_wconf 85' lang='lat' dir='ltr'><strong>praesentatae.</strong></span> <span class='ocrx_word' id='word_1_435' title='bbox 720 4822 774 4888; x_wconf 90' lang='lat' dir='ltr'><strong>De</strong></span> <span class='ocrx_word' id='word_1_436' title='bbox 794 4822 911 4908; x_wconf 92' lang='lat' dir='ltr'><strong>quibus</strong></span> <span class='ocrx_word' id='word_1_437' title='bbox 938 4821 1002 4888; x_wconf 90' lang='lat' dir='ltr'><strong>sibi</strong></span> <span class='ocrx_word' id='word_1_438' title='bbox 1029 4844 1171 4888; x_wconf 91' lang='lat' dir='ltr'><strong>annuam</strong></span> <span class='ocrx_word' id='word_1_439' title='bbox 1191 4822 1378 4887; x_wconf 85' lang='lat' dir='ltr'><strong>memoriam</strong></span> <span class='ocrx_word' id='word_1_440' title='bbox 1404 4830 1566 4907; x_wconf 82' lang='lat' dir='ltr'><strong>perpetuo</strong></span> <span class='ocrx_word' id='word_1_441' title='bbox 1581 4823 1668 4889; x_wconf 81' lang='lat' dir='ltr'><strong>circs</strong></span> 
     </span>
     <span class='ocr_line' id='line_1_45' title="bbox 254 4919 1668 5008; baseline 0.005 -25"><span class='ocrx_word' id='word_1_442' title='bbox 254 4919 339 4984; x_wconf 90' lang='lat' dir='ltr'><strong>diem</strong></span> <span class='ocrx_word' id='word_1_443' title='bbox 368 4919 474 4986; x_wconf 89' lang='lat' dir='ltr'><strong>obitus</strong></span> <span class='ocrx_word' id='word_1_444' title='bbox 504 4922 554 4986; x_wconf 91' lang='lat' dir='ltr'><strong>sui</strong></span> <span class='ocrx_word' id='word_1_445' title='bbox 588 4921 783 4988; x_wconf 88' lang='lat' dir='ltr'><strong>servandam</strong></span> <span class='ocrx_word' id='word_1_446' title='bbox 812 4943 885 4987; x_wconf 90' lang='lat' dir='ltr'><strong>cum</strong></span> <span class='ocrx_word' id='word_1_447' title='bbox 912 4920 1034 5008; x_wconf 84' lang='lat' dir='ltr'><strong>vigiliis</strong></span> <span class='ocrx_word' id='word_1_448' title='bbox 1064 4932 1097 4986; x_wconf 90' lang='lat' dir='ltr'><strong>et</strong></span> <span class='ocrx_word' id='word_1_449' title='bbox 1128 4922 1309 4986; x_wconf 92' lang='lat' dir='ltr'><strong>animarum</strong></span> <span class='ocrx_word' id='word_1_450' title='bbox 1338 4919 1447 4984; x_wconf 86' lang='lat' dir='ltr'><strong>missis</strong></span> <span class='ocrx_word' id='word_1_451' title='bbox 1474 4921 1510 4985; x_wconf 90' lang='lat' dir='ltr'><strong>in</strong></span> <span class='ocrx_word' id='word_1_452' title='bbox 1539 4921 1668 4989; x_wconf 77' lang='lat' dir='ltr'><strong>ecclesia</strong></span> 
     </span>
     <span class='ocr_line' id='line_1_46' title="bbox 212 5019 1667 5110; baseline 0.005 -28"><span class='ocrx_word' id='word_1_453' title='bbox 212 5020 356 5083; x_wconf 70' lang='lat' dir='ltr'><strong>essancti</strong></span> <span class='ocrx_word' id='word_1_454' title='bbox 385 5019 513 5086; x_wconf 88' lang='lat' dir='ltr'><strong>Nicolai</strong></span> <span class='ocrx_word' id='word_1_455' title='bbox 537 5022 571 5084; x_wconf 92' lang='lat' dir='ltr'><strong>in</strong></span> <span class='ocrx_word' id='word_1_456' title='bbox 597 5021 719 5108; x_wconf 79' lang='lat' dir='ltr'><strong>Liptzlr</strong></span> <span class='ocrx_word' id='word_1_457' title='bbox 748 5042 807 5107; x_wconf 92' lang='lat' dir='ltr'><strong>per</strong></span> <span class='ocrx_word' id='word_1_458' title='bbox 835 5042 945 5086; x_wconf 90' lang='lat' dir='ltr'><strong>omnes</strong></span> <span class='ocrx_word' id='word_1_459' title='bbox 974 5020 1162 5106; x_wconf 86' lang='lat' dir='ltr'><strong>collegiatus</strong></span> <span class='ocrx_word' id='word_1_460' title='bbox 1191 5020 1286 5084; x_wconf 91' lang='lat' dir='ltr'><strong>huius</strong></span> <span class='ocrx_word' id='word_1_461' title='bbox 1310 5020 1535 5088; x_wconf 86' lang='lat' dir='ltr'><strong>universitatis</strong></span> <span class='ocrx_word' id='word_1_462' title='bbox 1562 5021 1667 5110; x_wconf 83' lang='lat' dir='ltr'><strong>peragi</strong></span> 
     </span>
     <span class='ocr_line' id='line_1_47' title="bbox 254 5117 1664 5210; baseline 0.001 -26"><span class='ocrx_word' id='word_1_463' title='bbox 254 5140 293 5184; x_wconf 91' lang='lat' dir='ltr'><strong>ac</strong></span> <span class='ocrx_word' id='word_1_464' title='bbox 314 5117 481 5185; x_wconf 87' lang='lat' dir='ltr'><strong>observari</strong></span> <span class='ocrx_word' id='word_1_465' title='bbox 501 5119 639 5186; x_wconf 90' lang='lat' dir='ltr'><strong>instituit</strong></span> <span class='ocrx_word' id='word_1_466' title='bbox 659 5118 828 5202; x_wconf 90' lang='lat' dir='ltr'><strong>duntaxat,</strong></span> <span class='ocrx_word' id='word_1_467' title='bbox 850 5142 932 5210; x_wconf 91' lang='lat' dir='ltr'><strong>quae</strong></span> <span class='ocrx_word' id='word_1_468' title='bbox 949 5119 992 5186; x_wconf 88' lang='lat' dir='ltr'><strong>ad</strong></span> <span class='ocrx_word' id='word_1_469' title='bbox 1011 5121 1114 5185; x_wconf 88' lang='lat' dir='ltr'><strong>instar</strong></span> <span class='ocrx_word' id='word_1_470' title='bbox 1129 5120 1279 5208; x_wconf 88' lang='lat' dir='ltr'><strong>perpetui</strong></span> <span class='ocrx_word' id='word_1_471' title='bbox 1299 5120 1519 5188; x_wconf 85' lang='lat' dir='ltr'><strong>anniversarii</strong></span> <span class='ocrx_word' id='word_1_472' title='bbox 1532 5120 1664 5190; x_wconf 82' lang='lat' dir='ltr'><strong>doctoris</strong></span> 
     </span>
    </p>
   </div>
   <div class='ocr_carea' id='block_1_3' title="bbox 0 0 1885 6148">
    <p class='ocr_par' dir='ltr' id='par_1_5' title="bbox 0 0 1885 6148">
     <span class='ocr_line' id='line_1_48' title="bbox 0 0 1885 6148; baseline 0 0"><span class='ocrx_word' id='word_1_473' title='bbox 0 0 1885 6148; x_wconf 95' lang='lat' dir='ltr'><strong> </strong></span> 
     </span>
    </p>
   </div>
  </div>
 </body>
</html>
