3756 6158
264 499 321 560 116
728 493 782 542 Des
800 493 935 543 Iohannes
951 492 1030 542 Fabri
1052 495 1085 543 de
1102 493 1215 543 Werdea

262 678 383 743 vetoris
402 672 730 759 magnificentissimi,
752 695 876 739 necnon
895 668 1065 738 reverendi
1086 673 1120 737 in
1144 673 1273 740 Christo
1295 675 1400 761 patris
1421 672 1601 758 etdomini,
1622 660 1687 743 dot

261 778 339 841 mini
360 774 486 839 Tilonis
508 782 583 855 etc,
614 771 758 836 eiusdem
785 774 1005 838 universitatis
1034 772 1218 839 cancellarii
1238 775 1324 838 unici
1347 784 1379 838 et
1400 774 1600 860 dignissimi,
1629 776 1677 841 .N.

259 876 299 941 de
321 876 369 941 .N.
391 884 451 939 etc.
479 882 587 937 rector
613 870 747 935 mandat
771 871 918 937 omnibus
940 882 972 937 et
993 870 1127 958 singulis
1148 873 1368 937 universitatis
1391 872 1537 939 eiusdem
1559 896 1677 961 suppo·

259 978 339 1059 sitis,
369 984 463 1039 extra
485 969 622 1056 collegia
642 971 776 1057 locaque
798 970 982 1058 approbata
1001 970 1177 1054 stantibus,
1204 971 1405 1038 morantibus
1427 983 1483 1038 aut
1504 972 1676 1039 comeden-

231 1075 360 1157 5tibus,
380 1082 538 1161 quatenus
559 1071 645 1134 infra
665 1070 740 1135 hinc
761 1081 793 1135 et
812 1070 898 1136 diem
917 1071 1020 1137 sancti
1040 1071 1088 1136 .N.
1109 1072 1258 1158 proxime
1280 1081 1452 1136 venturum
1473 1072 1517 1138 ad
1538 1072 1677 1161 collegis

258 1185 291 1239 et
317 1173 433 1239 bursas
462 1168 677 1259 approbatas,
704 1168 825 1235 ibidem
847 1166 930 1258 [27¹³]
952 1169 1085 1253 stando,
1114 1168 1288 1253 morando,
1323 1168 1520 1239 comedendo
1548 1196 1589 1237 ac
1609 1172 1677 1239 alia

258 1278 330 1339 iura
349 1271 528 1337 bursalium
549 1267 708 1350 faciendo,
731 1291 801 1333 sese
823 1271 990 1357 recipiant.
1026 1267 1094 1334 Sub
1114 1291 1219 1356 poena
1239 1271 1333 1335 unius
1354 1291 1537 1356 sexagenae
1559 1294 1673 1355 novae,

257 1373 460 1440 universitati
480 1367 748 1435 irremissibiliter
767 1367 1001 1457 persolvendae
1020 1369 1153 1451 tociens,
1175 1370 1322 1455 quotiens
1342 1380 1417 1457 post
1436 1372 1674 1458 praescriptam

255 1488 381 1560 tempus
413 1481 506 1535 extra
534 1467 717 1533 huiusmodi
745 1467 818 1533 loca
845 1466 1029 1557 approbata
1055 1467 1141 1533 ultra
1168 1491 1311 1533 mensem
1339 1479 1442 1554 stare,
1475 1472 1598 1537 morari
1619 1480 1676 1537 ant

216 1586 248 1640 10
257 1572 426 1641 comedere
443 1568 730 1657 praesumpserint.
771 1567 907 1655 Insuper
928 1568 1041 1654 vigore
1061 1578 1340 1657 praememoratae
1355 1567 1480 1635 ducalis
1495 1591 1535 1636 ac
1550 1571 1674 1659 episco-

256 1673 340 1762 palis
362 1668 597 1736 commissionis
624 1666 759 1731 mandat
781 1666 930 1733 omnibus
951 1676 985 1732 et
1004 1666 1140 1753 singulis
1162 1666 1344 1761 antedictae
1364 1671 1589 1737 universitatis
1611 1681 1674 1735 stu·

255 1771 416 1855 dentibus,
437 1779 595 1857 quatenus
614 1764 721 1831 nullus
742 1767 887 1855 ipsorum
908 1766 1061 1856 deinceps
1082 1767 1116 1834 in
1137 1766 1251 1833 habitu
1270 1767 1440 1836 inhonesto
1461 1768 1675 1836 acindecenti

256 1874 418 1958 statiique
440 1892 498 1935 suo
520 1867 653 1933 minime
676 1868 881 1952 congruenti,
902 1866 1048 1933 vestibus
1070 1864 1221 1932 videlicet
1239 1868 1342 1933 nimia
1361 1867 1521 1935 brevitate
1542 1870 1673 1953 notatis,

255 1973 384 2041 collerio
412 1967 591 2035 cancellato
617 1964 670 2032 vel
697 1967 732 2031 in
756 1967 888 2032 dorsum
907 1966 1004 2032 nimis
1025 1967 1153 2048 exciso,
1182 1968 1340 2052 pectorali
1361 1968 1560 2046 effeminato,
1588 1968 1673 2057 pileo

214 2086 245 2141 15
256 2072 375 2155 laicali,
396 2066 558 2156 caputiolo
580 2064 672 2130 brevi
690 2087 748 2130 seu
765 2067 898 2153 petiato,
919 2066 1023 2131 ocreis
1042 2064 1181 2152 plicatis,
1202 2065 1367 2151 hasncula,
1390 2064 1526 2151 birretoJ
1544 2066 1672 2155 caligis·

255 2196 316 2260 que
337 2171 469 2236 diversa
486 2165 714 2233 intersectione
735 2164 879 2231 colorum
898 2164 1063 2249 formatis,
1092 2173 1149 2231 ant
1175 2187 1365 2255 quocunque
1394 2167 1461 2233 alio
1480 2167 1598 2235 illicito
1618 2167 1672 2233 lm·

252 2274 339 2356 bitu,
359 2281 427 2335 tam
447 2271 482 2334 in
501 2266 618 2355 plateis
640 2286 736 2352 quam
758 2265 792 2329 in
813 2263 958 2351 collegiis
983 2274 1040 2329 aut
1060 2263 1134 2330 aliis
1156 2265 1399 2353 quibuscunque
1418 2264 1561 2355 publicis
1583 2265 1670 2351 lesia,

253 2372 402 2438 incedere
423 2374 610 2456 praesumat
615 2414 625 2448 ,
645 2386 752 2451 poena
770 2362 830 2429 sub
852 2364 1043 2452 praemissa.
1081 2363 1205 2430 Datum
1227 2374 1285 2431 etc.

298 2546 347 2608 65.
372 2550 521 2603 norumo
543 2548 702 2598 miculos
722 2547 901 2597 surrosmr
923 2547 1168 2596 ressurronm
1189 2548 1306 2598 emam
1326 2550 1372 2597 nr
1395 2548 1625 2601 connumera.

210 2683 245 2741 20
334 2673 403 2737 Nos
426 2670 474 2736 .N.
495 2676 612 2749 rector,
633 2667 710 2751 quia
728 2663 845 2750 aliquis
858 2664 914 2747 N,
934 2674 1065 2729 nostrae
1084 2664 1304 2729 universitatis
1326 2652 1540 2753 suppositum,
1561 2666 1667 2735 adex-

252 2771 457 2862 purgandum
478 2789 513 2832 se
533 2766 574 2830 de
593 2763 775 2847 homicidio,
804 2786 908 2851 nuper
928 2765 963 2829 in
984 2786 1156 2853 personam
1177 2763 1341 2853 quondam
1359 2763 1493 2830 discreti
1514 2766 1563 2832 N.
1587 2788 1667 2835 com·

250 2875 366 2954 misso,
393 2870 434 2934 de
460 2889 525 2954 qno
546 2864 752 2930 vehementer
773 2863 910 2928 habetur
932 2872 1117 2950 suspectus,
1147 2872 1245 2950 prout
1266 2886 1287 2930 a
1306 2864 1480 2951 lidedignis
1501 2864 1598 2933 nobis
1616 2866 1665 2932 de

251 2975 421 3039 nunciatus
453 2964 536 3056 [28⁸]
568 2974 671 3047 extat,
708 2973 765 3029 aut
796 2962 840 3028 ad
874 2962 1080 3050 allegandum
1114 2986 1228 3029 causas
1257 2962 1486 3048 rationabiles,
1526 2967 1556 3031 si
1590 2988 1665 3055 quas

251 3073 401 3154 haberet,
430 3092 487 3135 cur
515 3066 558 3133 ad
579 3064 760 3152 praemissa
780 3086 846 3129 non
864 3072 1042 3146 teneretur,
1069 3064 1103 3128 in
1125 3073 1247 3129 certum
1268 3066 1457 3147 terminum,
1484 3074 1564 3131 tunc
1588 3067 1665 3131 futu

208 3185 324 3240 25rum
347 3174 412 3236 iam
433 3191 512 3233 vero
534 3165 655 3231 dudum
678 3163 831 3228 effluxum
837 3212 847 3246 ,
870 3162 1065 3228 sufficienter
1087 3173 1119 3227 et
1139 3165 1293 3229 canonice
1315 3164 1502 3229 citavimus:
1524 3166 1581 3253 qui
1601 3166 1665 3253 qui-

251 3274 324 3338 dem
349 3272 384 3335 in
409 3269 544 3333 termino
574 3263 736 3330 citationis
762 3261 946 3329 huiusmodi
973 3284 1161 3349 comparere
1188 3284 1300 3328 coram
1319 3261 1415 3329 nobis
1436 3266 1665 3330 contumaciter

249 3371 405 3458 neglexit:
428 3389 529 3456 quare
550 3363 686 3429 eundem
709 3363 758 3430 Ν.
780 3384 822 3427 ex
843 3360 1121 3449 superabundanti
1151 3364 1345 3446 requirimus
1365 3371 1398 3428 et
1418 3385 1603 3447 monemus,
1633 3371 1665 3427 ut

249 3470 355 3538 adhuc
390 3468 475 3533 infra
506 3487 623 3530 novem
656 3462 726 3528 dies
759 3471 833 3549 post
857 3462 1080 3527 executionem
1106 3466 1325 3549 praesentium
1353 3463 1505 3550 proxime
1533 3462 1664 3545 futuros,

250 3592 384 3660 qnorum
405 3565 535 3654 quidem
555 3585 672 3629 novem
692 3562 820 3627 dierum
842 3563 872 3626 ei
894 3572 959 3626 tres
982 3583 1041 3648 pro
1063 3563 1179 3648 primo,
1199 3572 1266 3627 tres
1288 3585 1347 3649 pro
1361 3564 1412 3645 2⁰,
1433 3561 1663 3652 reliquoaverc

207 3670 380 3737 30ultimos
408 3676 475 3732 tres
500 3687 560 3752 pro
581 3663 800 3750 peremptorio
823 3663 1027 3747 assignamus
1048 3662 1200 3744 termino,
1228 3684 1338 3728 coram
1356 3661 1451 3728 nobis
1472 3672 1506 3728 et
1525 3682 1663 3729 assem

247 3769 337 3835 ribus
361 3767 482 3832 nostris
511 3766 545 3828 in
575 3762 645 3828 loco
672 3771 805 3827 nostrae
832 3759 945 3826 solitae
973 3759 1169 3826 residentiae
1196 3761 1340 3847 legitime
1359 3773 1568 3850 compareat,
1597 3782 1663 3827 sese

248 3869 289 3934 de
314 3876 482 3954 praetacto
504 3860 676 3929 homicidio
698 3870 938 3947 expurgaturus
958 3859 1010 3924 vel
1036 3882 1151 3927 causas
1173 3870 1286 3927 contra
1307 3863 1490 3948 praemissa
1511 3860 1661 3948 allegatu-

246 3992 311 4034 rus.
352 3966 505 4052 Alioquin
527 3963 612 4028 dieto
633 3961 818 4025 monitionis
838 3961 977 4025 termino
999 3959 1119 4026 effluxo
1140 3958 1274 4026 adeius
1295 3960 1514 4027 exclusionem
1535 3970 1606 4027 etc-

351 4139 400 4200 66.
434 4146 643 4211 munerun,
664 4144 710 4192 ns
730 4143 867 4203 nmoms
887 4144 1096 4194 mermnnn
1114 4144 1341 4194 nmscnnmes
1361 4145 1429 4193 vnn
1451 4144 1555 4194 cruca

205 4247 238 4303 35
630 4242 853 4293 rsucmrmu
874 4242 1079 4293 rnonsnrns
1100 4243 1278 4292 rurnnnr.

328 4366 415 4447 Quia
432 4362 588 4429 nobilium
609 4371 795 4441 conventus,
815 4380 1006 4449 camporum
1023 4381 1168 4446 pugnam
1178 4358 1231 4424 die
1243 4359 1355 4425 Lunae
1364 4363 1519 4447 proxima
1531 4384 1658 4450 sequen·

245 4469 395 4555 tibusque
420 4463 533 4529 diebus
561 4463 652 4526 iuxta
672 4461 875 4548 pancratium
893 4462 927 4524 in
946 4460 1016 4525 foro
1038 4468 1256 4524 constructum
1278 4458 1407 4547 publice
1427 4459 1657 4529 demonstrata·

245 4593 302 4634 rus
320 4567 530 4649 lusurusque,
558 4561 697 4626 diversis
724 4561 823 4625 armis
848 4569 881 4625 et
905 4557 1115 4624 defendicnlis
1136 4560 1220 4624 inter
1240 4557 1452 4646 pugnandum
1473 4560 1657 4629 ludendum

248 4689 309 4755 que
322 4675 440 4747 utetur,
463 4659 580 4749 quibus
600 4661 721 4725 incauti
736 4667 945 4746 spectatores,
966 4658 1151 4725 huiusmodi
1166 4660 1336 4745 pancratio
1352 4662 1658 4751 appropinquantes,

203 4776 303 4832 want
338 4766 434 4830 etiam
468 4764 548 4851 ipsis
581 4757 667 4848 [28¹³]
698 4757 862 4847 pugilibus
889 4757 985 4824 facile
1011 4761 1106 4836 (sicut
1137 4750 1357 4825 verisimiliter
1389 4760 1570 4827 timendum
1600 4765 1657 4840 est)

246 4865 333 4930 laedi
354 4873 507 4951 poterunt
529 4872 562 4926 et
583 4858 718 4941 offendi,
744 4867 918 4945 eapropter
938 4858 986 4924 .N.
1008 4867 1067 4922 etc.
1089 4867 1195 4923 rector
1220 4857 1355 4923 mandat
1375 4859 1525 4925 omnibus
1547 4870 1580 4927 et
1600 4861 1656 4925 sin·

245 4964 330 5052 gulis
351 4962 572 5028 universitatis
594 4958 739 5024 eiusdem
762 4959 948 5044 suppositis,
969 4966 1126 5042 quatenus
1140 4955 1261 5021 nullum
1282 4958 1429 5044 ipsorum
1449 4960 1656 5048 praesmipt's

246 5062 361 5128 diebus
388 5061 570 5148 praefatum
595 5059 800 5145 pancratium
829 5056 897 5121 ludi
924 5056 1107 5123 huiusmodi
1134 5055 1304 5144 spectandi
1331 5079 1431 5122 causa
1457 5058 1587 5145 ingredi
1610 5055 1656 5125 vel

243 5164 307 5249 ipsi
334 5161 430 5224 nimis
461 5160 727 5246 appropinquare
750 5157 861 5243 sicque
880 5155 1045 5243 pugilibus
1066 5158 1149 5244 ipsis
1170 5155 1401 5242 impedimento
1422 5168 1573 5225 essesut
1592 5177 1656 5225 sese
