3756 6158
243 487 304 558 282
818 491 873 544 Dus
890 492 1092 559 Francncollsg.

245 679 397 758 quantum
425 670 459 734 in
491 666 548 735 ills
576 672 673 736 etiam
704 675 791 738 tenui
821 674 1010 740 fundatione
1039 697 1100 761 pro
1127 697 1192 740 uno
1221 673 1347 760 collega
1380 672 1573 760 deputatum
1600 673 1665 738 fuit

244 770 289 835 Et
316 790 399 855 quae
426 768 580 857 deinceps
606 773 806 838 incrementa
834 773 1005 860 collegium
1034 775 1175 860 accepit,
1203 793 1242 836 ea
1269 766 1378 837 omnia
1400 793 1421 836 a
1443 770 1571 836 Silesiis
1598 784 1667 836 sunt

243 869 396 956 profecta.

324 999 433 1065 XXII.
464 1000 609 1087 collega,
632 1004 688 1088 qui
711 1012 911 1090 postremum
933 1003 1041 1070 locum
1061 1005 1201 1086 obtinet,
1224 1025 1353 1088 semper
1374 1002 1537 1071 curatoris
1557 1024 1666 1069 munus

202 1111 218 1163 5
245 1101 410 1181 sustineat,
430 1101 575 1188 'eiusque
596 1101 695 1166 officii
717 1104 779 1167 erit
800 1102 957 1189 expedire
978 1106 1120 1189 negotia,
1149 1128 1170 1169 a
1189 1102 1376 1191 praeposito
1399 1099 1464 1167 sibi
1487 1101 1667 1183 commissa,

244 1208 276 1262 et
296 1219 420 1279 curare,
448 1207 484 1263 ut
511 1203 672 1266 serotinae
693 1202 929 1288 disputationes
956 1201 1168 1286 celebrentur,
1193 1203 1337 1288 dareque
1360 1222 1506 1286 operam,
1533 1199 1667 1286 nequid

244 1295 413 1363 ruborum
434 1296 476 1362 ab
498 1298 665 1385 inquilinis
688 1302 857 1366 excitetur.
896 1300 990 1366 Etsi
1012 1300 1090 1389 quid
1112 1302 1318 1367 commissum
1345 1299 1457 1380 fuerit,
1484 1300 1666 1385 praeposito

244 1394 366 1461 indicet
387 1405 483 1482 atque
504 1399 601 1462 etiarn
622 1397 685 1464 hoc
707 1398 833 1481 efficiet,
851 1395 915 1486 [ts]
932 1408 969 1464 ut
988 1398 1066 1465 boni
1088 1409 1120 1464 et
1140 1399 1278 1465 modesti
1297 1396 1458 1482 inquilini,
1480 1419 1548 1462 non
1566 1408 1667 1463 tumsn

244 1495 313 1559 sins
337 1496 518 1580 praepositi
538 1518 707 1580 consensu,
735 1498 948 1583 recipiantur,
978 1516 1082 1584 neque
1103 1497 1187 1563 ullus
1207 1497 1409 1576 admittatur,
1433 1495 1490 1580 qui
1517 1493 1667 1561 adversus

208 1593 385 1679 toaliquem
408 1592 612 1678 collegiatum
635 1595 831 1661 simultatem
851 1597 927 1679 alat,
953 1605 1010 1661 aut
1030 1595 1111 1661 alias
1128 1595 1279 1661 videatur
1299 1595 1398 1662 alicui
1418 1592 1579 1659 molestus
1597 1595 1667 1659 iore.

247 1689 400 1772 Quolibet
424 1693 521 1757 etiam
549 1695 696 1758 semestri
718 1694 854 1780 collegio
881 1694 923 1760 ds
948 1695 1093 1781 acceptis
1121 1694 1272 1761 censibus
1297 1693 1426 1760 fidelem
1455 1701 1488 1758 et
1514 1701 1667 1775 exactem,

245 1813 322 1855 mox
343 1789 444 1855 finitis
465 1791 555 1855 feriis
575 1791 805 1874 nundinarum,
825 1793 944 1859 reddat
962 1784 1131 1865 rationem

331 1920 367 1984 si
389 1942 466 1986 vero
487 1920 572 1986 hunc
592 1933 765 1990 uxoratum
784 1946 856 1990 esse
878 1926 1060 2011 contigerit,
1082 1931 1151 1989 tum
1171 1925 1330 1990 curatoris
1350 1944 1469 1988 munus
1491 1944 1553 2010 per
1574 1920 1664 1988 alium

247 2018 414 2104 collegam,
436 2022 492 2106 qui
513 2019 685 2108 collegium
703 2023 824 2106 incolit,
845 2023 1008 2110 expediat

209 2178 238 2233 15
871 2172 945 2256 Θεῷ
968 2165 1030 2251 dd}
1052 2223 1059 2238 .

339 2373 402 2430 Voa
423 2372 563 2445 andcrcr,
584 2375 657 2433 dcci
679 2375 757 2434 woltl
775 2376 850 2435 noch
866 2375 1093 2453 phickzcitiqcr,
1112 2377 1210 2434 Hand
1227 2376 1467 2451 nachpctmpcn:

361 2585 549 2634 STATUTUM
567 2585 723 2635 normas
744 2584 936 2651 conmutat,
958 2585 1058 2635 cums
1080 2586 1116 2634 IN
1135 2584 1339 2635 murmuro
1360 2580 1568 2633 amomi

824 2700 957 2749 nmmo
979 2701 1101 2751 FACTA.

333 2847 451 2914 Claves
477 2847 549 2913 fisci
579 2851 644 2913 sint
670 2871 769 2936 penes
795 2850 1017 2936 praepositum
1046 2860 1077 2913 ct
1104 2849 1273 2931 seniorem,
1298 2847 1351 2913 vel
1379 2849 1408 2913 si
1435 2848 1547 2914 senior
1572 2846 1666 2914 officio

209 2949 432 3035 20praepositi
452 2948 609 3035 fungitur,
630 2969 730 3035 penes
753 2947 921 3034 collegam,
948 2949 1003 3036 qui
1025 2948 1170 3034 sequitur
1192 2946 1360 3011 seniorem.
1403 2944 1440 3012 si
1460 2941 1570 3033 sigillo
1588 2957 1666 3012 uten-

251 3047 338 3129 dum,
364 3046 400 3115 id
422 3046 480 3111 liat
500 3047 534 3111 in
557 3047 742 3135 praesentia
769 3048 948 3134 praepositi
979 3054 1012 3111 ct
1038 3045 1208 3138 clavigeri=
1222 3044 1320 3111 modo
1342 3043 1432 3110 dieti.
1476 3044 1666 3127 Quittautisc

252 3142 421 3231 sigillatae,
443 3167 580 3231 quarum
601 3148 767 3211 annotatio
786 3147 821 3211 in
841 3145 920 3211 fisco
940 3144 1109 3226 habeatur,
1139 3145 1166 3208 si
1188 3166 1210 3227 a
1230 3142 1430 3209 debitoribus
1449 3142 1541 3209 haud
1561 3144 1667 3209 fuerim

253 3244 428 3326 redemtae,
455 3245 644 3331 praeposito
666 3247 814 3332 sequenti
835 3244 1017 3329 tradantur,
1041 3253 1073 3309 ct
1094 3243 1222 3308 omnino
1243 3241 1474 3325 videatur,··nc
1493 3241 1594 3329 sigilli
1612 3240 1664 3307 col·

253 3342 329 3430 legii
351 3343 471 3409 abusus
494 3343 612 3432 aliquis
633 3345 862 3409 committatur.

209 3550 241 3604 25
333 3545 455 3604 Hieran
483 3545 617 3605 scilicaet
645 3545 707 3605 siclt
734 3546 797 3605 ciac
827 3534 1050 3625 uacbtrd‘9liclrc
1078 3544 1167 3603 Notis
1197 3563 1255 3602 voa
1282 3545 1337 3601 der
1362 3543 1462 3601 Hand
1488 3546 1541 3603 des
1570 3540 1659 3601 curia

253 3644 418 3703 Prcibisiua
440 3665 496 3703 aus
517 3647 582 3703 dem
601 3647 699 3704 Jatre
723 3647 811 3724 1633,
836 3647 974 3705 daraaclr
998 3645 1028 3708 S.
1053 3647 1090 3708 19
1119 3643 1182 3702 cine
1203 3640 1358 3718 Abrcltrs'fl
1378 3644 1431 3701 des
1458 3638 1657 3705 luamestm

253 3741 395 3826 cooptati
422 3740 433 3803 i
497 3738 648 3826 ollcgium
675 3751 708 3818 (a.
729 3745 776 3819 a).
816 3745 880 3803 Voa
901 3744 931 3804 S.
953 3745 988 3805 21
1015 3764 1056 3803 aa
1076 3741 1364 3819 Zusatzbesclrlitasc,
1391 3740 1485 3799 deren
1506 3749 1598 3800 crater
1613 3757 1656 3796 cur

252 3845 316 3901 dem
336 3844 433 3902 Jatrs
496 3844 535 3906 06
557 3843 603 3902 ist.
