<?xml version="1.0" encoding="UTF-8"?>
<!DOCTYPE html PUBLIC "-//W3C//DTD XHTML 1.0 Transitional//EN"
    "http://www.w3.org/TR/xhtml1/DTD/xhtml1-transitional.dtd">
<html xmlns="http://www.w3.org/1999/xhtml" xml:lang="en" lang="en">
 <head>
  <title>
</title>
<meta http-equiv="Content-Type" content="text/html;charset=utf-8" />
  <meta name='ocr-system' content='tesseract 3.04.00' />
  <meta name='ocr-capabilities' content='ocr_page ocr_carea ocr_par ocr_line ocrx_word'/>
</head>
<body>
  <div class='ocr_page' id='page_1' title='image "./diestatutenbche00univgoog_0143.png"; bbox 0 0 3756 6158; ppageno 0'>
   <div class='ocr_carea' id='block_1_1' title="bbox 265 480 1213 542">
    <p class='ocr_par' dir='ltr' id='par_1_1' title="bbox 265 480 1213 542">
     <span class='ocr_line' id='line_1_1' title="bbox 265 480 1213 542; baseline -0.007 -7"><span class='ocrx_word' id='word_1_1' title='bbox 265 481 323 542; x_wconf 75' lang='lat'><strong>124</strong></span> <span class='ocrx_word' id='word_1_2' title='bbox 725 482 779 529; x_wconf 79' lang='lat' dir='ltr'><strong>Des</strong></span> <span class='ocrx_word' id='word_1_3' title='bbox 802 481 937 530; x_wconf 84' lang='lat' dir='ltr'><strong>Iohannes</strong></span> <span class='ocrx_word' id='word_1_4' title='bbox 955 482 1032 531; x_wconf 77' lang='lat' dir='ltr'><strong>Fabri</strong></span> <span class='ocrx_word' id='word_1_5' title='bbox 1050 481 1082 529; x_wconf 88' lang='lat' dir='ltr'><strong>de</strong></span> <span class='ocrx_word' id='word_1_6' title='bbox 1100 480 1213 529; x_wconf 84' lang='lat' dir='ltr'><strong>Werdea</strong></span> 
     </span>
    </p>
   </div>
   <div class='ocr_carea' id='block_1_2' title="bbox 228 659 1679 948">
    <p class='ocr_par' dir='ltr' id='par_1_2' title="bbox 228 659 1679 948">
     <span class='ocr_line' id='line_1_2' title="bbox 263 659 1679 750; baseline 0.001 -24"><span class='ocrx_word' id='word_1_7' title='bbox 263 660 483 727; x_wconf 78' lang='lat' dir='ltr'><strong>consimilibus</strong></span> <span class='ocrx_word' id='word_1_8' title='bbox 504 659 716 747; x_wconf 80' lang='lat' dir='ltr'>beneplacitis</span> <span class='ocrx_word' id='word_1_9' title='bbox 736 661 887 726; x_wconf 90' lang='lat' dir='ltr'><strong>favorose</strong></span> <span class='ocrx_word' id='word_1_10' title='bbox 909 683 1157 748; x_wconf 81' lang='lat' dir='ltr'><strong>recompensare</strong></span> <span class='ocrx_word' id='word_1_11' title='bbox 1173 662 1328 747; x_wconf 92' lang='lat' dir='ltr'><strong>cupimus.</strong></span> <span class='ocrx_word' id='word_1_12' title='bbox 1368 661 1407 726; x_wconf 94' lang='lat' dir='ltr'><strong>In</strong></span> <span class='ocrx_word' id='word_1_13' title='bbox 1423 682 1562 750; x_wconf 91' lang='lat' dir='ltr'><strong>quorum</strong></span> <span class='ocrx_word' id='word_1_14' title='bbox 1580 662 1679 728; x_wconf 88' lang='lat' dir='ltr'><strong>omni·</strong></span> 
     </span>
     <span class='ocr_line' id='line_1_3' title="bbox 228 754 1677 847; baseline 0.001 -22"><span class='ocrx_word' id='word_1_15' title='bbox 228 754 231 759; x_wconf 66' lang='grc'><strong>’</strong></span> <span class='ocrx_word' id='word_1_16' title='bbox 261 784 315 825; x_wconf 91' lang='lat' dir='ltr'><strong>um</strong></span> <span class='ocrx_word' id='word_1_17' title='bbox 337 770 369 826; x_wconf 90' lang='lat' dir='ltr'><strong>et</strong></span> <span class='ocrx_word' id='word_1_18' title='bbox 390 761 591 847; x_wconf 90' lang='lat' dir='ltr'><strong>singulorum</strong></span> <span class='ocrx_word' id='word_1_19' title='bbox 612 763 864 846; x_wconf 90' lang='lat' dir='ltr'><strong>praemissorum</strong></span> <span class='ocrx_word' id='word_1_20' title='bbox 885 762 999 846; x_wconf 89' lang='lat' dir='ltr'><strong>fidem,</strong></span> <span class='ocrx_word' id='word_1_21' title='bbox 1026 760 1126 827; x_wconf 89' lang='lat' dir='ltr'><strong>robur</strong></span> <span class='ocrx_word' id='word_1_22' title='bbox 1154 783 1193 826; x_wconf 90' lang='lat' dir='ltr'><strong>ac</strong></span> <span class='ocrx_word' id='word_1_23' title='bbox 1222 760 1356 826; x_wconf 91' lang='lat' dir='ltr'><strong>evidens</strong></span> <span class='ocrx_word' id='word_1_24' title='bbox 1377 762 1599 827; x_wconf 87' lang='lat' dir='ltr'><strong>testimonium</strong></span> <span class='ocrx_word' id='word_1_25' title='bbox 1621 770 1677 827; x_wconf 79' lang='lat' dir='ltr'><strong>etc</strong></span> 
     </span>
     <span class='ocr_line' id='line_1_4' title="bbox 263 870 431 948; baseline 0 -22"><span class='ocrx_word' id='word_1_26' title='bbox 263 870 298 926; x_wconf 95' lang='lat' dir='ltr'><strong>ut</strong></span> <span class='ocrx_word' id='word_1_27' title='bbox 322 883 431 948; x_wconf 84' lang='lat' dir='ltr'><strong>supra</strong></span> 
     </span>
    </p>
   </div>
   <div class='ocr_carea' id='block_1_3' title="bbox 236 1048 1602 1211">
    <p class='ocr_par' dir='ltr' id='par_1_3' title="bbox 236 1048 1602 1211">
     <span class='ocr_line' id='line_1_5' title="bbox 335 1048 1602 1112; baseline 0 -1"><span class='ocrx_word' id='word_1_28' title='bbox 335 1048 384 1111; x_wconf 87' lang='lat'><strong>83.</strong></span> <span class='ocrx_word' id='word_1_29' title='bbox 418 1061 537 1111; x_wconf 77' lang='lat' dir='ltr'><strong>sesam</strong></span> <span class='ocrx_word' id='word_1_30' title='bbox 558 1061 750 1109; x_wconf 81' lang='lat' dir='ltr'><strong>osssnsms</strong></span> <span class='ocrx_word' id='word_1_31' title='bbox 769 1063 814 1111; x_wconf 81' lang='lat' dir='ltr'><strong>ar</strong></span> <span class='ocrx_word' id='word_1_32' title='bbox 837 1062 1094 1112; x_wconf 77' lang='lat' dir='ltr'><strong>consumssma</strong></span> <span class='ocrx_word' id='word_1_33' title='bbox 1115 1062 1372 1112; x_wconf 80' lang='lat' dir='ltr'><strong>conrnsmorus</strong></span> <span class='ocrx_word' id='word_1_34' title='bbox 1392 1062 1460 1112; x_wconf 78' lang='lat' dir='ltr'><strong>eno</strong></span> <span class='ocrx_word' id='word_1_35' title='bbox 1482 1062 1602 1112; x_wconf 78' lang='lat' dir='ltr'><strong>omns</strong></span> 
     </span>
     <span class='ocr_line' id='line_1_6' title="bbox 236 1155 1226 1211; baseline 0.001 -3"><span class='ocrx_word' id='word_1_36' title='bbox 236 1155 253 1208; x_wconf 81' lang='lat' dir='ltr'><strong>s</strong></span> <span class='ocrx_word' id='word_1_37' title='bbox 709 1160 990 1211; x_wconf 72' lang='lat' dir='ltr'><strong>Baccshsslaws</strong></span> <span class='ocrx_word' id='word_1_38' title='bbox 1010 1162 1048 1210; x_wconf 84' lang='lat' dir='ltr'><strong>m</strong></span> <span class='ocrx_word' id='word_1_39' title='bbox 1067 1162 1226 1210; x_wconf 80' lang='lat' dir='ltr'><strong>saumas.</strong></span> 
     </span>
    </p>
   </div>
   <div class='ocr_carea' id='block_1_4' title="bbox 204 1275 1681 2762">
    <p class='ocr_par' dir='ltr' id='par_1_4' title="bbox 260 1275 1681 1662">
     <span class='ocr_line' id='line_1_7' title="bbox 343 1275 1679 1364; baseline 0.003 -23"><span class='ocrx_word' id='word_1_40' title='bbox 343 1276 515 1342; x_wconf 89' lang='lat' dir='ltr'><strong>Universis</strong></span> <span class='ocrx_word' id='word_1_41' title='bbox 536 1285 567 1341; x_wconf 92' lang='lat' dir='ltr'><strong>et</strong></span> <span class='ocrx_word' id='word_1_42' title='bbox 586 1275 730 1362; x_wconf 89' lang='lat' dir='ltr'><strong>singulis,</strong></span> <span class='ocrx_word' id='word_1_43' title='bbox 752 1279 973 1364; x_wconf 88' lang='lat' dir='ltr'><strong>praesentium</strong></span> <span class='ocrx_word' id='word_1_44' title='bbox 991 1279 1139 1344; x_wconf 82' lang='lat' dir='ltr'><strong>notitiam</strong></span> <span class='ocrx_word' id='word_1_45' title='bbox 1161 1275 1331 1361; x_wconf 90' lang='lat' dir='ltr'><strong>habituris,</strong></span> <span class='ocrx_word' id='word_1_46' title='bbox 1350 1301 1410 1345; x_wconf 91' lang='lat' dir='ltr'><strong>nos</strong></span> <span class='ocrx_word' id='word_1_47' title='bbox 1427 1280 1476 1344; x_wconf 76' lang='lat' dir='ltr'><strong>N.</strong></span> <span class='ocrx_word' id='word_1_48' title='bbox 1493 1278 1534 1344; x_wconf 89' lang='lat' dir='ltr'><strong>de</strong></span> <span class='ocrx_word' id='word_1_49' title='bbox 1547 1278 1608 1362; x_wconf 84' lang='lat' dir='ltr'><strong>.N.,</strong></span> <span class='ocrx_word' id='word_1_50' title='bbox 1630 1301 1679 1345; x_wconf 86' lang='lat' dir='ltr'><strong>ar·</strong></span> 
     </span>
     <span class='ocr_line' id='line_1_8' title="bbox 261 1375 1679 1465; baseline 0.003 -24"><span class='ocrx_word' id='word_1_51' title='bbox 261 1379 341 1441; x_wconf 92' lang='lat' dir='ltr'><strong>tium</strong></span> <span class='ocrx_word' id='word_1_52' title='bbox 360 1377 527 1462; x_wconf 90' lang='lat' dir='ltr'><strong>magister,</strong></span> <span class='ocrx_word' id='word_1_53' title='bbox 549 1375 712 1441; x_wconf 77' lang='lat' dir='ltr'><strong>facultatis</strong></span> <span class='ocrx_word' id='word_1_54' title='bbox 732 1377 907 1444; x_wconf 88' lang='lat' dir='ltr'><strong>earundem</strong></span> <span class='ocrx_word' id='word_1_55' title='bbox 928 1379 1047 1443; x_wconf 89' lang='lat' dir='ltr'><strong>artium</strong></span> <span class='ocrx_word' id='word_1_56' title='bbox 1059 1377 1164 1444; x_wconf 86' lang='lat' dir='ltr'><strong>almae</strong></span> <span class='ocrx_word' id='word_1_57' title='bbox 1175 1378 1396 1443; x_wconf 88' lang='lat' dir='ltr'><strong>universitatis</strong></span> <span class='ocrx_word' id='word_1_58' title='bbox 1409 1378 1509 1445; x_wconf 91' lang='lat' dir='ltr'><strong>studii</strong></span> <span class='ocrx_word' id='word_1_59' title='bbox 1520 1377 1679 1465; x_wconf 79' lang='lat' dir='ltr'><strong>Lipcaon·</strong></span> 
     </span>
     <span class='ocr_line' id='line_1_9' title="bbox 263 1474 1678 1565; baseline 0.002 -25"><span class='ocrx_word' id='word_1_60' title='bbox 263 1477 308 1541; x_wconf 87' lang='lat' dir='ltr'><strong>sis</strong></span> <span class='ocrx_word' id='word_1_61' title='bbox 328 1474 608 1562; x_wconf 86' lang='lat' dir='ltr'><strong>Merseburgensis</strong></span> <span class='ocrx_word' id='word_1_62' title='bbox 631 1475 769 1541; x_wconf 91' lang='lat' dir='ltr'><strong>diocesis</strong></span> <span class='ocrx_word' id='word_1_63' title='bbox 792 1476 944 1560; x_wconf 88' lang='lat' dir='ltr'><strong>decanus,</strong></span> <span class='ocrx_word' id='word_1_64' title='bbox 965 1487 1076 1543; x_wconf 91' lang='lat' dir='ltr'><strong>tenore</strong></span> <span class='ocrx_word' id='word_1_65' title='bbox 1097 1478 1317 1564; x_wconf 88' lang='lat' dir='ltr'><strong>praesentium</strong></span> <span class='ocrx_word' id='word_1_66' title='bbox 1330 1476 1461 1565; x_wconf 92' lang='lat' dir='ltr'><strong>publice</strong></span> <span class='ocrx_word' id='word_1_67' title='bbox 1475 1478 1678 1564; x_wconf 87' lang='lat' dir='ltr'><strong>recognosci-</strong></span> 
     </span>
     <span class='ocr_line' id='line_1_10' title="bbox 260 1575 1681 1662; baseline 0.001 -22"><span class='ocrx_word' id='word_1_68' title='bbox 260 1598 332 1641; x_wconf 85' lang='lat' dir='ltr'><strong>mus</strong></span> <span class='ocrx_word' id='word_1_69' title='bbox 359 1575 562 1662; x_wconf 86' lang='lat' dir='ltr'><strong>profitentcs,</strong></span> <span class='ocrx_word' id='word_1_70' title='bbox 589 1575 765 1641; x_wconf 88' lang='lat' dir='ltr'><strong>discretum</strong></span> <span class='ocrx_word' id='word_1_71' title='bbox 786 1577 834 1640; x_wconf 89' lang='lat' dir='ltr'><strong>.N.</strong></span> <span class='ocrx_word' id='word_1_72' title='bbox 855 1576 896 1644; x_wconf 89' lang='lat' dir='ltr'><strong>de</strong></span> <span class='ocrx_word' id='word_1_73' title='bbox 916 1578 963 1643; x_wconf 89' lang='lat' dir='ltr'><strong>.N.</strong></span> <span class='ocrx_word' id='word_1_74' title='bbox 987 1579 1020 1642; x_wconf 92' lang='lat' dir='ltr'><strong>in</strong></span> <span class='ocrx_word' id='word_1_75' title='bbox 1049 1576 1206 1643; x_wconf 89' lang='lat' dir='ltr'><strong>iamdicta</strong></span> <span class='ocrx_word' id='word_1_76' title='bbox 1238 1577 1450 1644; x_wconf 83' lang='lat' dir='ltr'><strong>universitate</strong></span> <span class='ocrx_word' id='word_1_77' title='bbox 1473 1576 1681 1644; x_wconf 84' lang='lat' dir='ltr'><strong>landabiliter</strong></span> 
     </span>
    </p>

    <p class='ocr_par' dir='ltr' id='par_1_5' title="bbox 204 1675 1680 2762">
     <span class='ocr_line' id='line_1_11' title="bbox 220 1675 1678 1767; baseline 0.001 -27"><span class='ocrx_word' id='word_1_78' title='bbox 220 1686 296 1741; x_wconf 84' lang='lat' dir='ltr'><strong>lose</strong></span> <span class='ocrx_word' id='word_1_79' title='bbox 323 1677 463 1758; x_wconf 87' lang='lat' dir='ltr'><strong>rexisse,</strong></span> <span class='ocrx_word' id='word_1_80' title='bbox 489 1676 670 1762; x_wconf 86' lang='lat' dir='ltr'><strong>magistris,</strong></span> <span class='ocrx_word' id='word_1_81' title='bbox 701 1675 888 1742; x_wconf 88' lang='lat' dir='ltr'><strong>doctoribus</strong></span> <span class='ocrx_word' id='word_1_82' title='bbox 916 1678 1095 1763; x_wconf 84' lang='lat' dir='ltr'><strong>ceterisque</strong></span> <span class='ocrx_word' id='word_1_83' title='bbox 1123 1677 1300 1763; x_wconf 86' lang='lat' dir='ltr'><strong>suppositis</strong></span> <span class='ocrx_word' id='word_1_84' title='bbox 1328 1700 1389 1765; x_wconf 90' lang='lat' dir='ltr'><strong>pro</strong></span> <span class='ocrx_word' id='word_1_85' title='bbox 1414 1686 1501 1744; x_wconf 90' lang='lat' dir='ltr'><strong>statu</strong></span> <span class='ocrx_word' id='word_1_86' title='bbox 1523 1688 1556 1743; x_wconf 88' lang='lat' dir='ltr'><strong>et</strong></span> <span class='ocrx_word' id='word_1_87' title='bbox 1579 1675 1678 1767; x_wconf 86' lang='lat' dir='ltr'><strong>quali·</strong></span> 
     </span>
     <span class='ocr_line' id='line_1_12' title="bbox 258 1775 1680 1867; baseline -0.001 -25"><span class='ocrx_word' id='word_1_88' title='bbox 258 1786 328 1855; x_wconf 82' lang='lat' dir='ltr'><strong>tate</strong></span> <span class='ocrx_word' id='word_1_89' title='bbox 351 1778 417 1841; x_wconf 89' lang='lat' dir='ltr'><strong>suis</strong></span> <span class='ocrx_word' id='word_1_90' title='bbox 441 1775 591 1841; x_wconf 89' lang='lat' dir='ltr'><strong>decenter</strong></span> <span class='ocrx_word' id='word_1_91' title='bbox 613 1784 840 1841; x_wconf 90' lang='lat' dir='ltr'><strong>conversatum</strong></span> <span class='ocrx_word' id='word_1_92' title='bbox 859 1777 977 1859; x_wconf 87' lang='lat' dir='ltr'><strong>fuisse,</strong></span> <span class='ocrx_word' id='word_1_93' title='bbox 1003 1775 1159 1842; x_wconf 91' lang='lat' dir='ltr'><strong>lectiones</strong></span> <span class='ocrx_word' id='word_1_94' title='bbox 1188 1785 1220 1841; x_wconf 90' lang='lat' dir='ltr'><strong>et</strong></span> <span class='ocrx_word' id='word_1_95' title='bbox 1244 1778 1403 1842; x_wconf 84' lang='lat' dir='ltr'><strong>exercitia</strong></span> <span class='ocrx_word' id='word_1_96' title='bbox 1422 1776 1569 1867; x_wconf 90' lang='lat' dir='ltr'><strong>aliosque</strong></span> <span class='ocrx_word' id='word_1_97' title='bbox 1590 1786 1680 1842; x_wconf 87' lang='lat' dir='ltr'><strong>actus</strong></span> 
     </span>
     <span class='ocr_line' id='line_1_13' title="bbox 204 1874 1679 1965; baseline -0.001 -22"><span class='ocrx_word' id='word_1_98' title='bbox 204 1934 226 1965; x_wconf 47' lang='lat' dir='ltr'><strong>q</strong></span> <span class='ocrx_word' id='word_1_99' title='bbox 261 1875 489 1959; x_wconf 83' lang='lat' dir='ltr'><strong>scholasticos,</strong></span> <span class='ocrx_word' id='word_1_100' title='bbox 517 1875 657 1962; x_wconf 90' lang='lat' dir='ltr'><strong>gradum</strong></span> <span class='ocrx_word' id='word_1_101' title='bbox 686 1875 927 1941; x_wconf 82' lang='lat' dir='ltr'><strong>baccalariatus</strong></span> <span class='ocrx_word' id='word_1_102' title='bbox 956 1877 990 1941; x_wconf 91' lang='lat' dir='ltr'><strong>in</strong></span> <span class='ocrx_word' id='word_1_103' title='bbox 1011 1874 1135 1941; x_wconf 89' lang='lat' dir='ltr'><strong>artibus</strong></span> <span class='ocrx_word' id='word_1_104' title='bbox 1154 1885 1398 1959; x_wconf 83' lang='lat' dir='ltr'><strong>concernentes,</strong></span> <span class='ocrx_word' id='word_1_105' title='bbox 1426 1874 1601 1963; x_wconf 82' lang='lat' dir='ltr'><strong>diligenter</strong></span> <span class='ocrx_word' id='word_1_106' title='bbox 1627 1898 1679 1941; x_wconf 91' lang='lat' dir='ltr'><strong>au·</strong></span> 
     </span>
     <span class='ocr_line' id='line_1_14' title="bbox 260 1972 1676 2143; baseline 0 -101"><span class='ocrx_word' id='word_1_107' title='bbox 260 1974 377 2042; x_wconf 86' lang='lat' dir='ltr'><strong>diendo</strong></span> <span class='ocrx_word' id='word_1_108' title='bbox 399 1972 620 2063; x_wconf 85' lang='lat' dir='ltr'><strong>complevisse.</strong></span> <span class='ocrx_word' id='word_1_109' title='bbox 663 1975 773 2056; x_wconf 74' lang='lat' dir='ltr'><strong>Quare</strong></span> <span class='ocrx_word' id='word_1_110' title='bbox 792 1975 930 2040; x_wconf 88' lang='lat' dir='ltr'><strong>eundem</strong></span> <span class='ocrx_word' id='word_1_111' title='bbox 951 1975 1001 2040; x_wconf 86' lang='lat' dir='ltr'><strong>.N.</strong></span> <span class='ocrx_word' id='word_1_112' title='bbox 1020 1976 1134 2041; x_wconf 87' lang='lat' dir='ltr'><strong>merito</strong></span> <span class='ocrx_word' id='word_1_113' title='bbox 1162 1975 1315 2042; x_wconf 86' lang='lat' dir='ltr'><strong>duximus</strong></span> <span class='ocrx_word' id='word_1_114' title='bbox 1338 1974 1676 2143; x_wconf 58' lang='lat' dir='ltr'><strong>recommendafflt,</strong></span> 
     </span>
     <span class='ocr_line' id='line_1_15' title="bbox 259 2066 1679 2164; baseline -0.001 -22"><span class='ocrx_word' id='word_1_115' title='bbox 259 2100 334 2142; x_wconf 88' lang='lat' dir='ltr'><strong>cum</strong></span> <span class='ocrx_word' id='word_1_116' title='bbox 355 2099 393 2141; x_wconf 92' lang='lat' dir='ltr'><strong>eo</strong></span> <span class='ocrx_word' id='word_1_117' title='bbox 415 2077 571 2142; x_wconf 89' lang='lat' dir='ltr'><strong>attentius</strong></span> <span class='ocrx_word' id='word_1_118' title='bbox 592 2085 763 2161; x_wconf 84' lang='lat' dir='ltr'><strong>rogantes,</strong></span> <span class='ocrx_word' id='word_1_119' title='bbox 790 2085 948 2163; x_wconf 87' lang='lat' dir='ltr'><strong>quatenus</strong></span> <span class='ocrx_word' id='word_1_120' title='bbox 969 2076 1207 2162; x_wconf 90' lang='lat' dir='ltr'><strong>unusquisque,</strong></span> <span class='ocrx_word' id='word_1_121' title='bbox 1236 2073 1279 2141; x_wconf 85' lang='lat' dir='ltr'><strong>ad</strong></span> <span class='ocrx_word' id='word_1_122' title='bbox 1301 2097 1397 2162; x_wconf 92' lang='lat' dir='ltr'><strong>quem</strong></span> <span class='ocrx_word' id='word_1_123' title='bbox 1418 2097 1560 2164; x_wconf 87' lang='lat' dir='ltr'><strong>praesen</strong></span> <span class='ocrx_word' id='word_1_124' title='bbox 1574 2066 1590 2093; x_wconf 53' lang='lat'><strong>&#39;¹</strong></span> <span class='ocrx_word' id='word_1_125' title='bbox 1650 2096 1679 2141; x_wconf 79' lang='lat' dir='ltr'><strong>e</strong></span> 
     </span>
     <span class='ocr_line' id='line_1_16' title="bbox 210 2172 1679 2271; baseline 0.001 -31"><span class='ocrx_word' id='word_1_126' title='bbox 210 2177 421 2271; x_wconf 51' lang='lat' dir='ltr'><strong>gavenemnt,</strong></span> <span class='ocrx_word' id='word_1_127' title='bbox 447 2186 578 2242; x_wconf 88' lang='lat' dir='ltr'><strong>nostrae</strong></span> <span class='ocrx_word' id='word_1_128' title='bbox 603 2174 767 2242; x_wconf 87' lang='lat' dir='ltr'><strong>facultatis</strong></span> <span class='ocrx_word' id='word_1_129' title='bbox 796 2172 979 2241; x_wconf 76' lang='lat' dir='ltr'><strong>antedictae</strong></span> <span class='ocrx_word' id='word_1_130' title='bbox 1007 2176 1125 2240; x_wconf 90' lang='lat' dir='ltr'><strong>intuitu</strong></span> <span class='ocrx_word' id='word_1_131' title='bbox 1153 2185 1445 2261; x_wconf 89' lang='lat' dir='ltr'><strong>praememoratum</strong></span> <span class='ocrx_word' id='word_1_132' title='bbox 1475 2175 1526 2240; x_wconf 87' lang='lat' dir='ltr'><strong>.N.</strong></span> <span class='ocrx_word' id='word_1_133' title='bbox 1552 2196 1679 2263; x_wconf 86' lang='lat' dir='ltr'><strong>promo·</strong></span> 
     </span>
     <span class='ocr_line' id='line_1_17' title="bbox 258 2273 1679 2363; baseline -0.001 -22"><span class='ocrx_word' id='word_1_134' title='bbox 258 2274 417 2358; x_wconf 89' lang='lat' dir='ltr'><strong>tionibus,</strong></span> <span class='ocrx_word' id='word_1_135' title='bbox 445 2273 611 2341; x_wconf 90' lang='lat' dir='ltr'><strong>favoribus</strong></span> <span class='ocrx_word' id='word_1_136' title='bbox 639 2283 672 2341; x_wconf 91' lang='lat' dir='ltr'><strong>et</strong></span> <span class='ocrx_word' id='word_1_137' title='bbox 700 2274 843 2341; x_wconf 89' lang='lat' dir='ltr'><strong>consiliis</strong></span> <span class='ocrx_word' id='word_1_138' title='bbox 874 2273 1015 2360; x_wconf 88' lang='lat' dir='ltr'><strong>dirigere</strong></span> <span class='ocrx_word' id='word_1_139' title='bbox 1043 2275 1173 2361; x_wconf 88' lang='lat' dir='ltr'><strong>suisque</strong></span> <span class='ocrx_word' id='word_1_140' title='bbox 1202 2273 1316 2358; x_wconf 89' lang='lat' dir='ltr'><strong>rebus,</strong></span> <span class='ocrx_word' id='word_1_141' title='bbox 1347 2276 1454 2341; x_wconf 88' lang='lat' dir='ltr'><strong>causis</strong></span> <span class='ocrx_word' id='word_1_142' title='bbox 1476 2284 1510 2340; x_wconf 93' lang='lat' dir='ltr'><strong>et</strong></span> <span class='ocrx_word' id='word_1_143' title='bbox 1529 2275 1679 2363; x_wconf 85' lang='lat' dir='ltr'><strong>negotiis,</strong></span> 
     </span>
     <span class='ocr_line' id='line_1_18' title="bbox 260 2371 1677 2463; baseline -0.001 -22"><span class='ocrx_word' id='word_1_144' title='bbox 260 2376 343 2441; x_wconf 91' lang='lat' dir='ltr'><strong>actis</strong></span> <span class='ocrx_word' id='word_1_145' title='bbox 372 2374 425 2440; x_wconf 89' lang='lat' dir='ltr'><strong>vel</strong></span> <span class='ocrx_word' id='word_1_146' title='bbox 452 2373 602 2461; x_wconf 82' lang='lat' dir='ltr'><strong>agendis,</strong></span> <span class='ocrx_word' id='word_1_147' title='bbox 630 2377 784 2440; x_wconf 85' lang='lat' dir='ltr'><strong>assistere</strong></span> <span class='ocrx_word' id='word_1_148' title='bbox 810 2373 978 2460; x_wconf 82' lang='lat' dir='ltr'><strong>dignetur,</strong></span> <span class='ocrx_word' id='word_1_149' title='bbox 1005 2396 1064 2439; x_wconf 92' lang='lat' dir='ltr'><strong>nos</strong></span> <span class='ocrx_word' id='word_1_150' title='bbox 1097 2396 1156 2463; x_wconf 89' lang='lat' dir='ltr'><strong>per</strong></span> <span class='ocrx_word' id='word_1_151' title='bbox 1182 2373 1243 2439; x_wconf 91' lang='lat' dir='ltr'><strong>boc</strong></span> <span class='ocrx_word' id='word_1_152' title='bbox 1263 2373 1307 2441; x_wconf 94' lang='lat' dir='ltr'><strong>ad</strong></span> <span class='ocrx_word' id='word_1_153' title='bbox 1328 2374 1509 2441; x_wconf 90' lang='lat' dir='ltr'><strong>consimilia</strong></span> <span class='ocrx_word' id='word_1_154' title='bbox 1528 2371 1677 2462; x_wconf 76' lang='lat' dir='ltr'><strong>benepla·</strong></span> 
     </span>
     <span class='ocr_line' id='line_1_19' title="bbox 261 2470 1678 2561; baseline -0.001 -21"><span class='ocrx_word' id='word_1_155' title='bbox 261 2477 326 2541; x_wconf 89' lang='lat' dir='ltr'><strong>cita</strong></span> <span class='ocrx_word' id='word_1_156' title='bbox 346 2473 609 2561; x_wconf 91' lang='lat' dir='ltr'><strong>constringendo.</strong></span> <span class='ocrx_word' id='word_1_157' title='bbox 651 2474 690 2539; x_wconf 89' lang='lat' dir='ltr'><strong>ln</strong></span> <span class='ocrx_word' id='word_1_158' title='bbox 712 2470 798 2561; x_wconf 76' lang='lat'>[38⁸]</span> <span class='ocrx_word' id='word_1_159' title='bbox 819 2477 912 2539; x_wconf 89' lang='lat' dir='ltr'><strong>cuius</strong></span> <span class='ocrx_word' id='word_1_160' title='bbox 933 2473 980 2538; x_wconf 90' lang='lat' dir='ltr'><strong>rei</strong></span> <span class='ocrx_word' id='word_1_161' title='bbox 1003 2472 1101 2539; x_wconf 88' lang='lat' dir='ltr'><strong>fidem</strong></span> <span class='ocrx_word' id='word_1_162' title='bbox 1123 2496 1163 2540; x_wconf 88' lang='lat' dir='ltr'><strong>ac</strong></span> <span class='ocrx_word' id='word_1_163' title='bbox 1181 2473 1344 2542; x_wconf 87' lang='lat' dir='ltr'><strong>efficacius</strong></span> <span class='ocrx_word' id='word_1_164' title='bbox 1358 2474 1582 2541; x_wconf 84' lang='lat' dir='ltr'><strong>testimonium</strong></span> <span class='ocrx_word' id='word_1_165' title='bbox 1594 2483 1678 2539; x_wconf 81' lang='lat' dir='ltr'><strong>ante</strong></span> 
     </span>
     <span class='ocr_line' id='line_1_20' title="bbox 260 2572 1675 2660; baseline 0.001 -20"><span class='ocrx_word' id='word_1_166' title='bbox 260 2574 367 2640; x_wconf 89' lang='lat' dir='ltr'><strong>dictae</strong></span> <span class='ocrx_word' id='word_1_167' title='bbox 395 2584 524 2640; x_wconf 82' lang='lat' dir='ltr'><strong>nostrae</strong></span> <span class='ocrx_word' id='word_1_168' title='bbox 554 2572 717 2639; x_wconf 88' lang='lat' dir='ltr'><strong>facultatis</strong></span> <span class='ocrx_word' id='word_1_169' title='bbox 745 2572 884 2659; x_wconf 90' lang='lat' dir='ltr'><strong>sigillum</strong></span> <span class='ocrx_word' id='word_1_170' title='bbox 905 2573 1131 2660; x_wconf 89' lang='lat' dir='ltr'><strong>praesentibus</strong></span> <span class='ocrx_word' id='word_1_171' title='bbox 1153 2572 1425 2640; x_wconf 84' lang='lat' dir='ltr'><strong>testimonialibus</strong></span> <span class='ocrx_word' id='word_1_172' title='bbox 1445 2574 1563 2641; x_wconf 86' lang='lat' dir='ltr'><strong>littaris</strong></span> <span class='ocrx_word' id='word_1_173' title='bbox 1585 2573 1675 2641; x_wconf 88' lang='lat' dir='ltr'><strong>duxi-</strong></span> 
     </span>
     <span class='ocr_line' id='line_1_21' title="bbox 219 2672 1298 2762; baseline 0.003 -23"><span class='ocrx_word' id='word_1_174' title='bbox 219 2682 333 2740; x_wconf 81' lang='lat' dir='ltr'><strong>20mus</strong></span> <span class='ocrx_word' id='word_1_175' title='bbox 355 2674 605 2762; x_wconf 89' lang='lat' dir='ltr'><strong>appendendum</strong></span> <span class='ocrx_word' id='word_1_176' title='bbox 625 2683 657 2738; x_wconf 88' lang='lat' dir='ltr'><strong>et</strong></span> <span class='ocrx_word' id='word_1_177' title='bbox 678 2672 903 2759; x_wconf 88' lang='lat' dir='ltr'><strong>appendimus.</strong></span> <span class='ocrx_word' id='word_1_178' title='bbox 944 2673 1053 2738; x_wconf 89' lang='lat' dir='ltr'><strong>Datae</strong></span> <span class='ocrx_word' id='word_1_179' title='bbox 1076 2696 1160 2739; x_wconf 92' lang='lat' dir='ltr'><strong>anno</strong></span> <span class='ocrx_word' id='word_1_180' title='bbox 1183 2682 1242 2738; x_wconf 86' lang='lat' dir='ltr'><strong>etc.</strong></span> <span class='ocrx_word' id='word_1_181' title='bbox 1295 2738 1298 2743; x_wconf 88' lang='lat'>.</span> 
     </span>
    </p>
   </div>
   <div class='ocr_carea' id='block_1_5' title="bbox 427 2793 1678 2971">
    <p class='ocr_par' dir='ltr' id='par_1_6' title="bbox 427 2793 1678 2971">
     <span class='ocr_line' id='line_1_22' title="bbox 427 2793 1678 2871; baseline 0.001 -17"><span class='ocrx_word' id='word_1_182' title='bbox 427 2796 462 2855; x_wconf 79' lang='lat' dir='ltr'><strong>Si</strong></span> <span class='ocrx_word' id='word_1_183' title='bbox 489 2815 559 2854; x_wconf 79' lang='lat' dir='ltr'><strong>aero</strong></span> <span class='ocrx_word' id='word_1_184' title='bbox 588 2793 697 2871; x_wconf 79' lang='lat' dir='ltr'><strong>aliquia</strong></span> <span class='ocrx_word' id='word_1_185' title='bbox 721 2794 851 2870; x_wconf 68' lang='lat' dir='ltr'><strong>pradum</strong></span> <span class='ocrx_word' id='word_1_186' title='bbox 880 2794 1104 2854; x_wconf 70' lang='lat' dir='ltr'><strong>buccatas-fatus</strong></span> <span class='ocrx_word' id='word_1_187' title='bbox 1125 2794 1158 2853; x_wconf 83' lang='lat' dir='ltr'><strong>in</strong></span> <span class='ocrx_word' id='word_1_188' title='bbox 1179 2794 1294 2854; x_wconf 81' lang='lat' dir='ltr'><strong>artibus</strong></span> <span class='ocrx_word' id='word_1_189' title='bbox 1315 2795 1442 2871; x_wconf 75' lang='lat' dir='ltr'><strong>adeptus</strong></span> <span class='ocrx_word' id='word_1_190' title='bbox 1462 2794 1518 2868; x_wconf 82' lang='lat' dir='ltr'><strong>ait,</strong></span> <span class='ocrx_word' id='word_1_191' title='bbox 1546 2795 1678 2855; x_wconf 66' lang='lat' dir='ltr'><strong>addatur</strong></span> 
     </span>
     <span class='ocr_line' id='line_1_23' title="bbox 429 2890 1506 2971; baseline 0 -19"><span class='ocrx_word' id='word_1_192' title='bbox 429 2895 461 2952; x_wconf 83' lang='lat' dir='ltr'><strong>in</strong></span> <span class='ocrx_word' id='word_1_193' title='bbox 477 2893 674 2970; x_wconf 64' lang='lat' dir='ltr'><strong>praeempta</strong></span> <span class='ocrx_word' id='word_1_194' title='bbox 686 2899 794 2969; x_wconf 72' lang='lat' dir='ltr'><strong>somna</strong></span> <span class='ocrx_word' id='word_1_195' title='bbox 816 2901 885 2952; x_wconf 81' lang='lat' dir='ltr'><strong>ante</strong></span> <span class='ocrx_word' id='word_1_196' title='bbox 906 2894 1025 2953; x_wconf 72' lang='lat' dir='ltr'><strong>verbm</strong></span> <span class='ocrx_word' id='word_1_197' title='bbox 1047 2890 1158 2971; x_wconf 78' lang='lat' dir='ltr'><strong>Quare</strong></span> <span class='ocrx_word' id='word_1_198' title='bbox 1178 2904 1231 2954; x_wconf 81' lang='lat' dir='ltr'><strong>etc.</strong></span> <span class='ocrx_word' id='word_1_199' title='bbox 1255 2896 1329 2953; x_wconf 75' lang='lat' dir='ltr'><strong>laec</strong></span> <span class='ocrx_word' id='word_1_200' title='bbox 1349 2895 1506 2953; x_wconf 67' lang='lat' dir='ltr'><strong>anama.-</strong></span> 
     </span>
    </p>
   </div>
   <div class='ocr_carea' id='block_1_6' title="bbox 218 3000 1678 3393">
    <p class='ocr_par' dir='ltr' id='par_1_7' title="bbox 260 3000 1678 3195">
     <span class='ocr_line' id='line_1_24' title="bbox 260 3000 1678 3094; baseline 0.001 -21"><span class='ocrx_word' id='word_1_201' title='bbox 260 3006 473 3094; x_wconf 83' lang='lat' dir='ltr'><strong>Eundemque</strong></span> <span class='ocrx_word' id='word_1_202' title='bbox 501 3005 544 3072; x_wconf 90' lang='lat' dir='ltr'><strong>ad</strong></span> <span class='ocrx_word' id='word_1_203' title='bbox 573 3000 761 3072; x_wconf 84' lang='lat' dir='ltr'><strong>huiusmodi</strong></span> <span class='ocrx_word' id='word_1_204' title='bbox 789 3006 929 3092; x_wconf 90' lang='lat' dir='ltr'><strong>gradum</strong></span> <span class='ocrx_word' id='word_1_205' title='bbox 954 3006 1192 3075; x_wconf 88' lang='lat' dir='ltr'><strong>baccalariatus</strong></span> <span class='ocrx_word' id='word_1_206' title='bbox 1221 3008 1255 3072; x_wconf 91' lang='lat' dir='ltr'><strong>in</strong></span> <span class='ocrx_word' id='word_1_207' title='bbox 1283 3005 1409 3075; x_wconf 82' lang='lat' dir='ltr'><strong>artibus</strong></span> <span class='ocrx_word' id='word_1_208' title='bbox 1436 3008 1587 3092; x_wconf 81' lang='lat' dir='ltr'><strong>rigoroso</strong></span> <span class='ocrx_word' id='word_1_209' title='bbox 1608 3030 1678 3087; x_wconf 67' lang='lat' dir='ltr'><strong>exsp</strong></span> 
     </span>
     <span class='ocr_line' id='line_1_25' title="bbox 260 3105 1678 3195; baseline 0.001 -23"><span class='ocrx_word' id='word_1_210' title='bbox 260 3109 346 3172; x_wconf 89' lang='lat' dir='ltr'><strong>mine</strong></span> <span class='ocrx_word' id='word_1_211' title='bbox 368 3109 548 3194; x_wconf 90' lang='lat' dir='ltr'><strong>praemisso</strong></span> <span class='ocrx_word' id='word_1_212' title='bbox 571 3105 612 3170; x_wconf 89' lang='lat' dir='ltr'><strong>de</strong></span> <span class='ocrx_word' id='word_1_213' title='bbox 633 3106 777 3170; x_wconf 89' lang='lat' dir='ltr'><strong>unanimi</strong></span> <span class='ocrx_word' id='word_1_214' title='bbox 800 3128 959 3172; x_wconf 89' lang='lat' dir='ltr'><strong>consensu</strong></span> <span class='ocrx_word' id='word_1_215' title='bbox 981 3107 1197 3195; x_wconf 86' lang='lat' dir='ltr'><strong>concordique</strong></span> <span class='ocrx_word' id='word_1_216' title='bbox 1219 3106 1339 3173; x_wconf 91' lang='lat' dir='ltr'><strong>iudicio</strong></span> <span class='ocrx_word' id='word_1_217' title='bbox 1358 3108 1593 3193; x_wconf 87' lang='lat' dir='ltr'><strong>magistrorum</strong></span> <span class='ocrx_word' id='word_1_218' title='bbox 1606 3128 1678 3173; x_wconf 64' lang='lat' dir='ltr'><strong>oxa</strong></span> 
     </span>
    </p>

    <p class='ocr_par' dir='ltr' id='par_1_8' title="bbox 218 3204 1677 3393">
     <span class='ocr_line' id='line_1_26' title="bbox 218 3204 1677 3295; baseline 0.001 -23"><span class='ocrx_word' id='word_1_219' title='bbox 218 3209 454 3272; x_wconf 83' lang='lat' dir='ltr'><strong>25minatorum</strong></span> <span class='ocrx_word' id='word_1_220' title='bbox 475 3216 639 3294; x_wconf 90' lang='lat' dir='ltr'><strong>tamquam</strong></span> <span class='ocrx_word' id='word_1_221' title='bbox 660 3204 809 3281; x_wconf 88' lang='lat' dir='ltr'><strong>idoneum</strong></span> <span class='ocrx_word' id='word_1_222' title='bbox 831 3220 864 3272; x_wconf 88' lang='lat' dir='ltr'><strong>et</strong></span> <span class='ocrx_word' id='word_1_223' title='bbox 882 3206 1095 3273; x_wconf 89' lang='lat' dir='ltr'><strong>sufficientem</strong></span> <span class='ocrx_word' id='word_1_224' title='bbox 1114 3206 1292 3272; x_wconf 88' lang='lat' dir='ltr'><strong>admissum</strong></span> <span class='ocrx_word' id='word_1_225' title='bbox 1311 3206 1677 3295; x_wconf 81' lang='lat' dir='ltr'><strong>promotumquafuisse</strong></span> 
     </span>
     <span class='ocr_line' id='line_1_27' title="bbox 262 3306 641 3393; baseline -0.005 -21"><span class='ocrx_word' id='word_1_226' title='bbox 262 3306 373 3388; x_wconf 80' lang='lat' dir='ltr'><strong>Quare</strong></span> <span class='ocrx_word' id='word_1_227' title='bbox 395 3316 453 3372; x_wconf 91' lang='lat' dir='ltr'><strong>etc.</strong></span> <span class='ocrx_word' id='word_1_228' title='bbox 474 3317 510 3373; x_wconf 90' lang='lat' dir='ltr'><strong>ut</strong></span> <span class='ocrx_word' id='word_1_229' title='bbox 531 3328 641 3393; x_wconf 89' lang='lat' dir='ltr'><strong>supra.</strong></span> 
     </span>
    </p>
   </div>
   <div class='ocr_carea' id='block_1_7' title="bbox 333 3511 1613 3674">
    <p class='ocr_par' dir='ltr' id='par_1_9' title="bbox 333 3511 1613 3674">
     <span class='ocr_line' id='line_1_28' title="bbox 333 3511 1613 3576; baseline 0 -2"><span class='ocrx_word' id='word_1_230' title='bbox 333 3511 380 3576; x_wconf 84' lang='grc'><strong>84.</strong></span> <span class='ocrx_word' id='word_1_231' title='bbox 413 3527 493 3574; x_wconf 79' lang='lat' dir='ltr'>ALIA</span> <span class='ocrx_word' id='word_1_232' title='bbox 512 3525 632 3573; x_wconf 76' lang='lat' dir='ltr'>FORMA</span> <span class='ocrx_word' id='word_1_233' title='bbox 653 3524 856 3573; x_wconf 81' lang='lat' dir='ltr'><strong>SPEOIALIOR</strong></span> <span class='ocrx_word' id='word_1_234' title='bbox 876 3525 1103 3573; x_wconf 79' lang='lat' dir='ltr'>LITTERARUM</span> <span class='ocrx_word' id='word_1_235' title='bbox 1125 3524 1382 3574; x_wconf 69' lang='lat' dir='ltr'><strong>conannmorus</strong></span> <span class='ocrx_word' id='word_1_236' title='bbox 1401 3524 1470 3572; x_wconf 79' lang='lat' dir='ltr'><strong>PRO</strong></span> <span class='ocrx_word' id='word_1_237' title='bbox 1492 3522 1613 3574; x_wconf 68' lang='lat' dir='ltr'><strong>amu</strong></span> 
     </span>
     <span class='ocr_line' id='line_1_29' title="bbox 710 3624 1228 3674; baseline -0.004 -2"><span class='ocrx_word' id='word_1_238' title='bbox 710 3624 991 3674; x_wconf 69' lang='lat' dir='ltr'><strong>Baccanaffl&#39;rus</strong></span> <span class='ocrx_word' id='word_1_239' title='bbox 1010 3626 1047 3673; x_wconf 80' lang='lat' dir='ltr'><strong>m</strong></span> <span class='ocrx_word' id='word_1_240' title='bbox 1068 3624 1228 3673; x_wconf 76' lang='lat' dir='ltr'>ARTIBUS.</span> 
     </span>
    </p>
   </div>
   <div class='ocr_carea' id='block_1_8' title="bbox 218 3739 1682 5222">
    <p class='ocr_par' dir='ltr' id='par_1_10' title="bbox 218 3739 1682 5222">
     <span class='ocr_line' id='line_1_30' title="bbox 342 3739 1676 3827; baseline -0.003 -19"><span class='ocrx_word' id='word_1_241' title='bbox 342 3742 512 3808; x_wconf 90' lang='lat' dir='ltr'><strong>Universis</strong></span> <span class='ocrx_word' id='word_1_242' title='bbox 540 3751 571 3806; x_wconf 91' lang='lat' dir='ltr'><strong>et</strong></span> <span class='ocrx_word' id='word_1_243' title='bbox 592 3740 728 3827; x_wconf 86' lang='lat' dir='ltr'><strong>singulis</strong></span> <span class='ocrx_word' id='word_1_244' title='bbox 751 3750 882 3805; x_wconf 90' lang='lat' dir='ltr'><strong>sanctae</strong></span> <span class='ocrx_word' id='word_1_245' title='bbox 902 3743 1015 3805; x_wconf 89' lang='lat' dir='ltr'><strong>matris</strong></span> <span class='ocrx_word' id='word_1_246' title='bbox 1037 3741 1194 3807; x_wconf 88' lang='lat' dir='ltr'><strong>ecclesiae</strong></span> <span class='ocrx_word' id='word_1_247' title='bbox 1214 3740 1307 3823; x_wconf 86' lang='lat' dir='ltr'><strong>filiis,</strong></span> <span class='ocrx_word' id='word_1_248' title='bbox 1335 3748 1524 3827; x_wconf 89' lang='lat' dir='ltr'><strong>praesentes</strong></span> <span class='ocrx_word' id='word_1_249' title='bbox 1551 3739 1676 3807; x_wconf 83' lang='lat' dir='ltr'><strong>litteras</strong></span> 
     </span>
     <span class='ocr_line' id='line_1_31' title="bbox 218 3838 1674 3927; baseline -0.001 -20"><span class='ocrx_word' id='word_1_250' title='bbox 218 3852 252 3907; x_wconf 85' lang='grc'><strong>30</strong></span> <span class='ocrx_word' id='word_1_251' title='bbox 261 3842 389 3922; x_wconf 87' lang='lat' dir='ltr'><strong>visuris,</strong></span> <span class='ocrx_word' id='word_1_252' title='bbox 411 3839 544 3906; x_wconf 89' lang='lat' dir='ltr'><strong>lecturis</strong></span> <span class='ocrx_word' id='word_1_253' title='bbox 566 3840 618 3906; x_wconf 88' lang='lat' dir='ltr'><strong>vel</strong></span> <span class='ocrx_word' id='word_1_254' title='bbox 641 3840 811 3922; x_wconf 90' lang='lat' dir='ltr'><strong>audituris,</strong></span> <span class='ocrx_word' id='word_1_255' title='bbox 832 3862 892 3904; x_wconf 92' lang='lat' dir='ltr'><strong>nos</strong></span> <span class='ocrx_word' id='word_1_256' title='bbox 915 3841 961 3905; x_wconf 90' lang='lat' dir='ltr'><strong>.N.</strong></span> <span class='ocrx_word' id='word_1_257' title='bbox 977 3840 1017 3905; x_wconf 88' lang='lat' dir='ltr'><strong>de</strong></span> <span class='ocrx_word' id='word_1_258' title='bbox 1031 3842 1090 3924; x_wconf 90' lang='lat' dir='ltr'><strong>.N.,</strong></span> <span class='ocrx_word' id='word_1_259' title='bbox 1111 3842 1229 3906; x_wconf 91' lang='lat' dir='ltr'><strong>artium</strong></span> <span class='ocrx_word' id='word_1_260' title='bbox 1250 3841 1416 3927; x_wconf 89' lang='lat' dir='ltr'><strong>magister,</strong></span> <span class='ocrx_word' id='word_1_261' title='bbox 1437 3838 1605 3905; x_wconf 83' lang='lat' dir='ltr'><strong>facultatis</strong></span> <span class='ocrx_word' id='word_1_262' title='bbox 1625 3860 1674 3904; x_wconf 86' lang='lat' dir='ltr'><strong>oa·</strong></span> 
     </span>
     <span class='ocr_line' id='line_1_32' title="bbox 260 3937 1674 4028; baseline -0.002 -22"><span class='ocrx_word' id='word_1_263' title='bbox 260 3941 395 4006; x_wconf 88' lang='lat' dir='ltr'><strong>rundem</strong></span> <span class='ocrx_word' id='word_1_264' title='bbox 424 3942 542 4006; x_wconf 91' lang='lat' dir='ltr'><strong>artium</strong></span> <span class='ocrx_word' id='word_1_265' title='bbox 568 3940 672 4005; x_wconf 90' lang='lat' dir='ltr'><strong>almae</strong></span> <span class='ocrx_word' id='word_1_266' title='bbox 693 3941 914 4006; x_wconf 88' lang='lat' dir='ltr'><strong>universitatis</strong></span> <span class='ocrx_word' id='word_1_267' title='bbox 936 3939 1034 4006; x_wconf 90' lang='lat' dir='ltr'><strong>studii</strong></span> <span class='ocrx_word' id='word_1_268' title='bbox 1055 3941 1246 4028; x_wconf 83' lang='lat' dir='ltr'><strong>Lipcsensis</strong></span> <span class='ocrx_word' id='word_1_269' title='bbox 1266 3937 1549 4025; x_wconf 85' lang='lat' dir='ltr'><strong>Merseburgensis</strong></span> <span class='ocrx_word' id='word_1_270' title='bbox 1571 3937 1674 4005; x_wconf 84' lang='lat' dir='ltr'><strong>dioce-</strong></span> 
     </span>
     <span class='ocr_line' id='line_1_33' title="bbox 262 4038 1677 4126; baseline -0.001 -21"><span class='ocrx_word' id='word_1_271' title='bbox 262 4042 305 4106; x_wconf 90' lang='lat' dir='ltr'><strong>sis</strong></span> <span class='ocrx_word' id='word_1_272' title='bbox 327 4041 477 4123; x_wconf 88' lang='lat' dir='ltr'><strong>decanus,</strong></span> <span class='ocrx_word' id='word_1_273' title='bbox 500 4042 661 4126; x_wconf 88' lang='lat' dir='ltr'><strong>ceterique</strong></span> <span class='ocrx_word' id='word_1_274' title='bbox 674 4041 823 4126; x_wconf 88' lang='lat' dir='ltr'><strong>magistri</strong></span> <span class='ocrx_word' id='word_1_275' title='bbox 843 4042 877 4105; x_wconf 91' lang='lat' dir='ltr'><strong>in</strong></span> <span class='ocrx_word' id='word_1_276' title='bbox 898 4040 985 4105; x_wconf 86' lang='lat' dir='ltr'><strong>dicta</strong></span> <span class='ocrx_word' id='word_1_277' title='bbox 1002 4040 1156 4107; x_wconf 88' lang='lat' dir='ltr'><strong>facultate</strong></span> <span class='ocrx_word' id='word_1_278' title='bbox 1179 4048 1254 4104; x_wconf 89' lang='lat' dir='ltr'><strong>actu</strong></span> <span class='ocrx_word' id='word_1_279' title='bbox 1275 4047 1423 4125; x_wconf 89' lang='lat' dir='ltr'><strong>regentes</strong></span> <span class='ocrx_word' id='word_1_280' title='bbox 1445 4061 1518 4103; x_wconf 92' lang='lat' dir='ltr'><strong>cum</strong></span> <span class='ocrx_word' id='word_1_281' title='bbox 1539 4038 1677 4105; x_wconf 89' lang='lat' dir='ltr'><strong>subscri·</strong></span> 
     </span>
     <span class='ocr_line' id='line_1_34' title="bbox 262 4135 1677 4226; baseline -0.003 -20"><span class='ocrx_word' id='word_1_282' title='bbox 262 4150 390 4226; x_wconf 90' lang='lat' dir='ltr'><strong>ptorum</strong></span> <span class='ocrx_word' id='word_1_283' title='bbox 411 4141 526 4207; x_wconf 90' lang='lat' dir='ltr'><strong>notitia</strong></span> <span class='ocrx_word' id='word_1_284' title='bbox 548 4140 707 4205; x_wconf 89' lang='lat' dir='ltr'><strong>sinceram</strong></span> <span class='ocrx_word' id='word_1_285' title='bbox 728 4141 762 4204; x_wconf 91' lang='lat' dir='ltr'><strong>in</strong></span> <span class='ocrx_word' id='word_1_286' title='bbox 784 4138 914 4205; x_wconf 92' lang='lat' dir='ltr'><strong>domino</strong></span> <span class='ocrx_word' id='word_1_287' title='bbox 937 4138 1135 4205; x_wconf 83' lang='lat' dir='ltr'><strong>charitatem.</strong></span> <span class='ocrx_word' id='word_1_288' title='bbox 1175 4139 1261 4205; x_wconf 87' lang='lat' dir='ltr'><strong>Sane</strong></span> <span class='ocrx_word' id='word_1_289' title='bbox 1286 4160 1360 4203; x_wconf 92' lang='lat' dir='ltr'><strong>cum</strong></span> <span class='ocrx_word' id='word_1_290' title='bbox 1384 4135 1544 4202; x_wconf 85' lang='lat' dir='ltr'><strong>discretus</strong></span> <span class='ocrx_word' id='word_1_291' title='bbox 1568 4138 1619 4202; x_wconf 90' lang='lat' dir='ltr'><strong>.N.</strong></span> <span class='ocrx_word' id='word_1_292' title='bbox 1640 4136 1677 4202; x_wconf 89' lang='lat' dir='ltr'><strong>de</strong></span> 
     </span>
     <span class='ocr_line' id='line_1_35' title="bbox 263 4235 1678 4328; baseline 0 -26"><span class='ocrx_word' id='word_1_293' title='bbox 263 4241 310 4304; x_wconf 88' lang='lat' dir='ltr'><strong>.N.</strong></span> <span class='ocrx_word' id='word_1_294' title='bbox 329 4241 363 4303; x_wconf 93' lang='lat' dir='ltr'><strong>in</strong></span> <span class='ocrx_word' id='word_1_295' title='bbox 388 4240 537 4326; x_wconf 90' lang='lat' dir='ltr'><strong>praefata</strong></span> <span class='ocrx_word' id='word_1_296' title='bbox 560 4241 772 4305; x_wconf 87' lang='lat' dir='ltr'><strong>universitate</strong></span> <span class='ocrx_word' id='word_1_297' title='bbox 798 4239 999 4328; x_wconf 85' lang='lat' dir='ltr'><strong>aliquamdiu</strong></span> <span class='ocrx_word' id='word_1_298' title='bbox 1020 4238 1178 4304; x_wconf 89' lang='lat' dir='ltr'><strong>bonarum</strong></span> <span class='ocrx_word' id='word_1_299' title='bbox 1202 4240 1321 4303; x_wconf 88' lang='lat' dir='ltr'><strong>artium</strong></span> <span class='ocrx_word' id='word_1_300' title='bbox 1343 4235 1524 4323; x_wconf 88' lang='lat' dir='ltr'><strong>disciplinis</strong></span> <span class='ocrx_word' id='word_1_301' title='bbox 1547 4259 1678 4324; x_wconf 87' lang='lat' dir='ltr'><strong>operam</strong></span> 
     </span>
     <span class='ocr_line' id='line_1_36' title="bbox 221 4332 1679 4427; baseline -0.001 -23"><span class='ocrx_word' id='word_1_302' title='bbox 221 4350 254 4405; x_wconf 80' lang='lat'><strong>35</strong></span> <span class='ocrx_word' id='word_1_303' title='bbox 265 4339 460 4427; x_wconf 88' lang='lat' dir='ltr'><strong>impenderit</strong></span> <span class='ocrx_word' id='word_1_304' title='bbox 482 4339 668 4424; x_wconf 91' lang='lat' dir='ltr'><strong>diligentem</strong></span> <span class='ocrx_word' id='word_1_305' title='bbox 691 4350 723 4405; x_wconf 92' lang='lat' dir='ltr'><strong>et</strong></span> <span class='ocrx_word' id='word_1_306' title='bbox 743 4340 895 4423; x_wconf 83' lang='lat' dir='ltr'><strong>lectiones</strong></span> <span class='ocrx_word' id='word_1_307' title='bbox 917 4361 957 4404; x_wconf 92' lang='lat' dir='ltr'><strong>ac</strong></span> <span class='ocrx_word' id='word_1_308' title='bbox 978 4341 1135 4404; x_wconf 87' lang='lat' dir='ltr'><strong>exercitia</strong></span> <span class='ocrx_word' id='word_1_309' title='bbox 1158 4359 1332 4426; x_wconf 88' lang='lat' dir='ltr'><strong>omnesque</strong></span> <span class='ocrx_word' id='word_1_310' title='bbox 1355 4332 1440 4423; x_wconf 61' lang='lat' dir='ltr'>[38b]</span> <span class='ocrx_word' id='word_1_311' title='bbox 1464 4334 1547 4401; x_wconf 89' lang='lat' dir='ltr'><strong>alios</strong></span> <span class='ocrx_word' id='word_1_312' title='bbox 1569 4347 1602 4402; x_wconf 88' lang='lat' dir='ltr'><strong>et</strong></span> <span class='ocrx_word' id='word_1_313' title='bbox 1621 4337 1679 4402; x_wconf 91' lang='lat' dir='ltr'><strong>sin·</strong></span> 
     </span>
     <span class='ocr_line' id='line_1_37' title="bbox 262 4426 1679 4525; baseline -0.003 -20"><span class='ocrx_word' id='word_1_314' title='bbox 262 4438 355 4525; x_wconf 86' lang='lat' dir='ltr'><strong>gulos</strong></span> <span class='ocrx_word' id='word_1_315' title='bbox 367 4448 470 4521; x_wconf 91' lang='lat' dir='ltr'><strong>actus,</strong></span> <span class='ocrx_word' id='word_1_316' title='bbox 491 4438 630 4524; x_wconf 89' lang='lat' dir='ltr'><strong>gradum</strong></span> <span class='ocrx_word' id='word_1_317' title='bbox 651 4439 889 4505; x_wconf 88' lang='lat' dir='ltr'><strong>baocalariatus</strong></span> <span class='ocrx_word' id='word_1_318' title='bbox 910 4440 944 4502; x_wconf 88' lang='lat' dir='ltr'><strong>in</strong></span> <span class='ocrx_word' id='word_1_319' title='bbox 966 4437 1091 4503; x_wconf 89' lang='lat' dir='ltr'><strong>artibus</strong></span> <span class='ocrx_word' id='word_1_320' title='bbox 1105 4426 1345 4518; x_wconf 85' lang='lat' dir='ltr'><strong>concernentes,</strong></span> <span class='ocrx_word' id='word_1_321' title='bbox 1362 4433 1539 4500; x_wconf 88' lang='lat' dir='ltr'><strong>secundum</strong></span> <span class='ocrx_word' id='word_1_322' title='bbox 1552 4445 1679 4502; x_wconf 86' lang='lat' dir='ltr'><strong>nostrae</strong></span> 
     </span>
     <span class='ocr_line' id='line_1_38' title="bbox 261 4534 1679 4625; baseline -0.001 -23"><span class='ocrx_word' id='word_1_323' title='bbox 261 4538 426 4604; x_wconf 89' lang='lat' dir='ltr'><strong>facultatis</strong></span> <span class='ocrx_word' id='word_1_324' title='bbox 457 4547 577 4603; x_wconf 91' lang='lat' dir='ltr'><strong>statuta</strong></span> <span class='ocrx_word' id='word_1_325' title='bbox 604 4548 636 4604; x_wconf 90' lang='lat' dir='ltr'><strong>et</strong></span> <span class='ocrx_word' id='word_1_326' title='bbox 657 4538 902 4605; x_wconf 89' lang='lat' dir='ltr'><strong>consuetudines</strong></span> <span class='ocrx_word' id='word_1_327' title='bbox 925 4537 1097 4625; x_wconf 86' lang='lat' dir='ltr'><strong>diligenter</strong></span> <span class='ocrx_word' id='word_1_328' title='bbox 1118 4539 1181 4616; x_wconf 92' lang='lat' dir='ltr'><strong>(uti</strong></span> <span class='ocrx_word' id='word_1_329' title='bbox 1200 4534 1366 4624; x_wconf 89' lang='lat' dir='ltr'><strong>fidedigno</strong></span> <span class='ocrx_word' id='word_1_330' title='bbox 1388 4537 1574 4623; x_wconf 83' lang='lat' dir='ltr'><strong>accepimns</strong></span> <span class='ocrx_word' id='word_1_331' title='bbox 1595 4537 1679 4600; x_wconf 84' lang='lat' dir='ltr'><strong>testi·</strong></span> 
     </span>
     <span class='ocr_line' id='line_1_39' title="bbox 265 4635 630 4725; baseline -0.003 -22"><span class='ocrx_word' id='word_1_332' title='bbox 265 4635 386 4723; x_wconf 91' lang='lat' dir='ltr'><strong>monio)</strong></span> <span class='ocrx_word' id='word_1_333' title='bbox 410 4637 630 4725; x_wconf 88' lang='lat' dir='ltr'><strong>compleverit,</strong></span> 
     </span>
     <span class='ocr_line' id='line_1_40' title="bbox 347 4732 1681 4826; baseline 0.001 -27"><span class='ocrx_word' id='word_1_334' title='bbox 347 4740 381 4799; x_wconf 76' lang='lat' dir='ltr'><strong>si</strong></span> <span class='ocrx_word' id='word_1_335' title='bbox 401 4752 444 4801; x_wconf 84' lang='lat' dir='ltr'><strong>cst</strong></span> <span class='ocrx_word' id='word_1_336' title='bbox 460 4752 626 4821; x_wconf 78' lang='lat' dir='ltr'><strong>promotas,</strong></span> <span class='ocrx_word' id='word_1_337' title='bbox 648 4745 784 4802; x_wconf 81' lang='lat' dir='ltr'><strong>addatur</strong></span> <span class='ocrx_word' id='word_1_338' title='bbox 805 4745 877 4802; x_wconf 71' lang='lat' dir='ltr'><strong>saec</strong></span> <span class='ocrx_word' id='word_1_339' title='bbox 899 4744 1051 4802; x_wconf 82' lang='lat' dir='ltr'><strong>clausula:</strong></span> <span class='ocrx_word' id='word_1_340' title='bbox 1082 4736 1278 4802; x_wconf 85' lang='lat' dir='ltr'><strong>antedictum</strong></span> <span class='ocrx_word' id='word_1_341' title='bbox 1299 4756 1426 4826; x_wconf 83' lang='lat' dir='ltr'><strong>quoque</strong></span> <span class='ocrx_word' id='word_1_342' title='bbox 1449 4733 1590 4822; x_wconf 79' lang='lat' dir='ltr'><strong>gradum</strong></span> <span class='ocrx_word' id='word_1_343' title='bbox 1609 4732 1681 4800; x_wconf 73' lang='lat' dir='ltr'><strong>bac·</strong></span> 
     </span>
     <span class='ocr_line' id='line_1_41' title="bbox 223 4832 1682 4927; baseline -0.001 -25"><span class='ocrx_word' id='word_1_344' title='bbox 223 4835 438 4902; x_wconf 78' lang='lat' dir='ltr'><strong>tooalariatus</strong></span> <span class='ocrx_word' id='word_1_345' title='bbox 462 4841 496 4903; x_wconf 91' lang='lat' dir='ltr'><strong>in</strong></span> <span class='ocrx_word' id='word_1_346' title='bbox 518 4837 653 4922; x_wconf 91' lang='lat' dir='ltr'><strong>artibus,</strong></span> <span class='ocrx_word' id='word_1_347' title='bbox 675 4841 853 4927; x_wconf 90' lang='lat' dir='ltr'><strong>praemisso</strong></span> <span class='ocrx_word' id='word_1_348' title='bbox 876 4840 1025 4925; x_wconf 89' lang='lat' dir='ltr'><strong>rigoroso</strong></span> <span class='ocrx_word' id='word_1_349' title='bbox 1047 4838 1211 4918; x_wconf 84' lang='lat' dir='ltr'><strong>examine,</strong></span> <span class='ocrx_word' id='word_1_350' title='bbox 1241 4837 1274 4900; x_wconf 93' lang='lat' dir='ltr'><strong>in</strong></span> <span class='ocrx_word' id='word_1_351' title='bbox 1304 4857 1368 4923; x_wconf 93' lang='lat' dir='ltr'><strong>quo</strong></span> <span class='ocrx_word' id='word_1_352' title='bbox 1389 4833 1526 4900; x_wconf 88' lang='lat' dir='ltr'><strong>idoneus</strong></span> <span class='ocrx_word' id='word_1_353' title='bbox 1548 4845 1581 4900; x_wconf 89' lang='lat' dir='ltr'><strong>et</strong></span> <span class='ocrx_word' id='word_1_354' title='bbox 1600 4832 1682 4900; x_wconf 83' lang='lat' dir='ltr'><strong>suffi-</strong></span> 
     </span>
     <span class='ocr_line' id='line_1_42' title="bbox 267 4937 1047 5024; baseline 0.001 -24"><span class='ocrx_word' id='word_1_355' title='bbox 267 4938 355 5001; x_wconf 91' lang='lat' dir='ltr'><strong>ciens</strong></span> <span class='ocrx_word' id='word_1_356' title='bbox 377 4947 560 5024; x_wconf 90' lang='lat' dir='ltr'><strong>compertus</strong></span> <span class='ocrx_word' id='word_1_357' title='bbox 579 4948 643 5021; x_wconf 91' lang='lat' dir='ltr'><strong>est,</strong></span> <span class='ocrx_word' id='word_1_358' title='bbox 664 4939 763 5024; x_wconf 89' lang='lat' dir='ltr'><strong>digne</strong></span> <span class='ocrx_word' id='word_1_359' title='bbox 784 4937 920 5024; x_wconf 90' lang='lat' dir='ltr'><strong>adeptus</strong></span> <span class='ocrx_word' id='word_1_360' title='bbox 940 4937 1047 5020; x_wconf 85' lang='lat' dir='ltr'><strong>fuerit,</strong></span> 
     </span>
     <span class='ocr_line' id='line_1_43' title="bbox 345 5032 1675 5123; baseline -0.002 -23"><span class='ocrx_word' id='word_1_361' title='bbox 345 5037 435 5101; x_wconf 88' lang='lat' dir='ltr'><strong>-vitae</strong></span> <span class='ocrx_word' id='word_1_362' title='bbox 457 5037 595 5123; x_wconf 90' lang='lat' dir='ltr'><strong>denique</strong></span> <span class='ocrx_word' id='word_1_363' title='bbox 616 5061 656 5104; x_wconf 92' lang='lat' dir='ltr'><strong>ac</strong></span> <span class='ocrx_word' id='word_1_364' title='bbox 676 5060 802 5103; x_wconf 87' lang='lat' dir='ltr'><strong>morum</strong></span> <span class='ocrx_word' id='word_1_365' title='bbox 824 5035 980 5102; x_wconf 90' lang='lat' dir='ltr'><strong>laudabili</strong></span> <span class='ocrx_word' id='word_1_366' title='bbox 1007 5035 1254 5102; x_wconf 83' lang='lat' dir='ltr'><strong>conversatione</strong></span> <span class='ocrx_word' id='word_1_367' title='bbox 1276 5034 1452 5122; x_wconf 88' lang='lat' dir='ltr'><strong>plurimum</strong></span> <span class='ocrx_word' id='word_1_368' title='bbox 1474 5032 1675 5100; x_wconf 89' lang='lat' dir='ltr'><strong>commenda·</strong></span> 
     </span>
     <span class='ocr_line' id='line_1_44' title="bbox 265 5133 1677 5222; baseline -0.002 -22"><span class='ocrx_word' id='word_1_369' title='bbox 265 5134 364 5200; x_wconf 89' lang='lat' dir='ltr'><strong>bilem</strong></span> <span class='ocrx_word' id='word_1_370' title='bbox 386 5156 456 5200; x_wconf 89' lang='lat' dir='ltr'><strong>sese</strong></span> <span class='ocrx_word' id='word_1_371' title='bbox 476 5135 665 5220; x_wconf 88' lang='lat' dir='ltr'><strong>reddiderit,</strong></span> <span class='ocrx_word' id='word_1_372' title='bbox 685 5136 829 5202; x_wconf 85' lang='lat' dir='ltr'><strong>volentes</strong></span> <span class='ocrx_word' id='word_1_373' title='bbox 851 5137 990 5222; x_wconf 88' lang='lat' dir='ltr'><strong>praefati</strong></span> <span class='ocrx_word' id='word_1_374' title='bbox 1011 5137 1059 5200; x_wconf 88' lang='lat' dir='ltr'><strong>.N.</strong></span> <span class='ocrx_word' id='word_1_375' title='bbox 1079 5135 1207 5201; x_wconf 90' lang='lat' dir='ltr'><strong>labores</strong></span> <span class='ocrx_word' id='word_1_376' title='bbox 1229 5133 1438 5200; x_wconf 87' lang='lat' dir='ltr'><strong>scholasticos</strong></span> <span class='ocrx_word' id='word_1_377' title='bbox 1458 5141 1491 5198; x_wconf 89' lang='lat' dir='ltr'><strong>et</strong></span> <span class='ocrx_word' id='word_1_378' title='bbox 1511 5134 1600 5198; x_wconf 82' lang='lat' dir='ltr'><strong>vitae</strong></span> <span class='ocrx_word' id='word_1_379' title='bbox 1616 5154 1677 5197; x_wconf 76' lang='lat' dir='ltr'><strong>me</strong></span> 
     </span>
    </p>
   </div>
   <div class='ocr_carea' id='block_1_9' title="bbox 0 0 1882 6151">
    <p class='ocr_par' dir='ltr' id='par_1_11' title="bbox 0 0 1882 6151">
     <span class='ocr_line' id='line_1_45' title="bbox 0 0 1882 6151; baseline 0 0"><span class='ocrx_word' id='word_1_380' title='bbox 0 0 1882 6151; x_wconf 95' lang='lat' dir='ltr'><strong> </strong></span> 
     </span>
    </p>
   </div>
  </div>
 </body>
</html>
