3756 6158
251 484 312 548 560
759 483 807 531 Die
827 483 1009 546 theologische
1026 483 1152 532 recum.

250 664 409 743 finiverat,
432 661 466 723 in
488 659 562 724 aula
584 662 782 748 respondere
804 672 960 744 teneatur,
983 672 1057 727 actu
1077 686 1154 729 vero
1175 662 1286 749 legens
1307 664 1513 749 invesperiis
1534 685 1663 749 respon·

252 762 326 826 dere
346 769 503 825 teneatur.
1164 772 1172 793 '

335 861 415 925 Item
438 857 623 924 conclusum
644 861 704 928 fuit
724 859 863 943 ibidem,
888 859 975 946 quod
997 859 1037 923 de
1059 870 1165 924 cetero
1187 862 1428 926 reservaciones
1442 862 1596 935 ⁴locorum
1616 882 1662 924 re·

249 961 449 1044 stringantur
472 968 605 1044 propter
626 958 844 1023 involucioues
867 969 898 1023 et
920 960 1144 1023 contenciones
1172 981 1232 1044 pro
1261 958 1383 1024 eisdem
1403 960 1509 1025 factas
1532 971 1564 1024 et
1583 961 1662 1024 veri·

206 1069 223 1122 5
250 1055 397 1121 similiter
415 1056 540 1121 fiendas
562 1058 760 1145 temporibus
782 1059 956 1123 affuturis.¹

292 1229 339 1291 35.
367 1240 414 1287 nu
437 1240 612 1290 uouncnrs
633 1241 772 1289 cunnus
794 1240 1067 1305 crsrnncnausrs,
1088 1240 1160 1287 nou
1180 1239 1374 1306 numerius,
1396 1239 1617 1289 vonnurmus

701 1341 737 1388 nr
759 1339 959 1388 rnnonoem
979 1322 1207 1417 ιξιιοΜονΕιιι.2

330 1454 425 1518 Anno
446 1453 568 1519 domini
591 1461 670 1522 1465
692 1465 806 1520 octavo
829 1454 882 1519 die
902 1454 1073 1519 Februarii
1093 1451 1137 1541 (d.
1152 1455 1180 1519 8.
1195 1453 1349 1542 Februar)
1371 1457 1405 1519 in
1426 1453 1572 1542 generali
1593 1475 1663 1519 oon·

249 1555 422 1620 vocacione
450 1555 679 1640 magistrorum
708 1553 888 1639 theologiae
917 1553 1101 1640 specialiter
1134 1551 1177 1617 ad
1210 1553 1272 1618 hoc
1298 1553 1385 1619 facta
1418 1563 1574 1619 statutum
1606 1552 1663 1616 fuit

111 1694 118 1705 ·
210 1664 239 1719 10
250 1652 452 1718 concorditer
466 1662 497 1717 et
512 1652 706 1734 conclusum,
727 1651 814 1740 quod
827 1653 928 1717 frater
943 1653 1065 1717 ordinis
1081 1651 1325 1738 Cysteroiensis‚
1346 1675 1411 1717 non
1422 1653 1589 1738 magister,
1611 1653 1662 1738 qui

249 1754 282 1817 in
303 1751 391 1832 loco,
417 1775 475 1839 per
505 1762 614 1838 patres
643 1752 765 1817 ordinis
795 1775 854 1839 pro
882 1750 1083 1816 studentibus
1106 1752 1274 1843 deputato,
1302 1774 1501 1837 perannum
1522 1773 1596 1816 cum
1618 1749 1662 1815 di-

256 1851 356 1915 midio
377 1850 535 1915 lecciones
558 1861 589 1915 et
610 1852 781 1934 exercicia,
802 1850 941 1938 gradum
961 1849 1197 1915 baccalariatus
1218 1851 1261 1926 in
1274 1849 1397 1914 artibus
1419 1847 1508 1937 [ppo]
1536 1871 1662 1914 concor

254 1960 377 2032 nentes,
400 1950 572 2035 diligenter
594 1949 734 2033 audivit,
754 1952 846 2015 iuxta
864 1972 986 2015 morem
1009 1959 1041 2014 et
1062 1949 1299 2013 institucionem
1320 1960 1451 2036 patrum
1473 1948 1613 2031 ordinis,
1633 1951 1665 2012 in

247 2050 319 2115 eliis
345 2047 614 2113 universitatibus
642 2048 770 2113 solitum
801 2049 987 2131 observari,
1015 2048 1175 2135 semelque
1203 2047 1246 2112 ad
1273 2049 1379 2113 minus
1407 2049 1442 2112 in
1469 2047 1661 2134 logicalibus

209 2161 238 2215 15
248 2149 415 2236 respondit
435 2147 633 2235 praesidenti
660 2159 692 2211 et
719 2145 792 2213 aliis
821 2148 1062 2236 quibuscunque
1090 2148 1253 2233 magistris
1280 2147 1323 2212 ad
1348 2147 1434 2212 hunc
1460 2158 1569 2212 actum
1591 2169 1661 2211 oon·

250 2247 441 2330 fluentibus,
463 2270 522 2333 per
544 2247 641 2311 alium
663 2268 782 2311 annum
806 2270 879 2313 cum
908 2246 1040 2312 dimidio
1070 2248 1172 2311 eciam
1194 2245 1337 2311 studiose
1359 2245 1485 2311 audivit
1503 2246 1661 2311 lecciones

255 2358 286 2413 et
308 2347 482 2428 exercicia,
504 2345 642 2431 gradum
666 2347 846 2430 magisterii
867 2350 900 2411 in
923 2345 1047 2410 artibus
1060 2354 1297 2428 concernentes,
1309 2355 1341 2410 et
1361 2345 1511 2410 similiter
1532 2367 1660 2433 respon·

250 2448 299 2512 dit
314 2449 347 2510 in
363 2444 569 2532 philosophia
584 2445 678 2510 modo
696 2469 758 2531 quo
781 2468 890 2532 supra,
912 2456 943 2510 et
961 2439 1193 2532 consequenter
1213 2467 1271 2531 per
1293 2443 1468 2527 biennium,
1491 2445 1660 2531 diligenter

246 2543 433 2611 intendens³
453 2542 650 2608 leccionibus
674 2556 705 2609 et
733 2545 858 2610 actibus
879 2543 1078 2629 theologicis,
1101 2542 1226 2607 audivit
1247 2543 1404 2627 doctores,
1427 2545 1656 2609 sentenciarios

204 2656 483 2730 bocursoremque,
505 2643 624 2729 poterit
637 2666 696 2730 per
715 2647 915 2731 provisorem
938 2642 1036 2706 studii
1058 2643 1156 2706 alicui
1178 2642 1345 2708 doctorum
1364 2641 1548 2729 theologiae
1570 2665 1659 2729 prae·

248 2745 377 2825 sentari,
400 2743 454 2830 qui
471 2741 574 2806 eidem
590 2743 685 2807 fratri
699 2765 795 2807 unam
811 2744 1029 2830 quaestionem
1051 2744 1085 2806 in
1105 2743 1267 2828 theologia
1288 2741 1479 2828 assignabit,
1501 2741 1545 2807 ad
1567 2763 1658 2827 quam

248 2848 281 2910 in
302 2844 440 2908 lectorio
462 2840 683 2926 theologorum
715 2840 843 2928 publice
863 2841 1059 2928 respondere
1085 2841 1263 2924 tenebitur3
1294 2854 1325 2906 et
1354 2843 1402 2906 sic
1434 2841 1521 2907 idem
1550 2840 1659 2906 doctor

247 2942 387 3009 eundum
407 2942 550 3022 fratrem,
572 2940 778 3005 considerata
800 2943 867 3006 eius
890 2941 1080 3023 idoneitate,
1101 2963 1190 3005 more
1210 2940 1302 3005 solito
1324 2950 1356 3005 et
1374 2949 1521 3028 tempore
1543 2949 1658 3006 statuto

248 3052 456 3131 praesentare
478 3044 598 3125 poterit
619 3039 817 3126 theologicae
838 3039 992 3123 faetdtati,
1016 3052 1047 3104 et
1068 3039 1111 3105 ad
1133 3061 1262 3104 cursum
1284 3049 1477 3105 assumatur.
1522 3040 1589 3122 Qui
1609 3038 1658 3104 de

204 3144 359 3227 2tinceps
381 3150 416 3204 ut
437 3137 492 3202 alii
514 3137 689 3204 baecalarii
712 3137 873 3204 subiectus
894 3141 954 3204 erit
976 3140 1104 3204 statutis
1125 3139 1323 3225 theologicae
1343 3139 1517 3205 factdtatis.

328 3345 377 3406 36.
401 3335 463 3425 [Bl.
475 3335 548 3423 20³]
570 3337 664 3402 Anno
686 3337 807 3402 domini
826 3343 903 3404 1466
925 3336 977 3401 die
997 3340 1090 3404 tertio
1112 3339 1230 3403 mensis
1250 3338 1403 3404 Octobris
1425 3341 1467 3422 (d.
1480 3346 1509 3407 3.
1524 3343 1657 3414 October)

246 3443 279 3505 in
301 3437 444 3524 generali
473 3439 707 3501 convocacicne
736 3437 964 3520 magistrorum
994 3437 1174 3523 theologiae
1206 3437 1389 3524 specialiter
1418 3436 1461 3502 ad
1488 3438 1551 3503 hoc
1575 3438 1658 3502 facta

247 3537 431 3604 conclusum
445 3537 504 3600 fuit
521 3535 733 3618 concorditer,
755 3534 843 3599 nullo
862 3536 1111 3618 contradicente,
1132 3536 1217 3622 quod
1238 3539 1272 3600 in
1294 3547 1389 3602 antea
1411 3536 1547 3623 singulis
1569 3537 1657 3601 annis

248 3661 306 3725 per
328 3637 475 3701 doctores
497 3633 678 3720 theologiae
697 3633 768 3699 fieri
790 3634 928 3699 debeant
955 3646 1026 3700 octo
1054 3636 1292 3723 disputaciones
1314 3636 1499 3701 ordinariae
1520 3638 1556 3701 in
1575 3637 1655 3700 theo·

205 3737 344 3823 Sologiu,
367 3737 473 3821 prima
495 3735 582 3797 circa
607 3735 724 3798 festum
743 3732 912 3798 Michaelis
934 3738 976 3811 (d.
1000 3741 1048 3800 29.
1060 3739 1251 3818 September),
1274 3735 1415 3800 secunda
1437 3737 1526 3801 circa
1546 3737 1655 3801 festum

244 3837 385 3903 omnium
408 3845 592 3898 sanctorum
615 3839 657 3912 (d.
684 3840 707 3899 l.
728 3838 919 3915 November),
948 3836 1044 3897 tertia
1072 3837 1160 3898 circa
1180 3835 1296 3900 festum
1316 3836 1421 3900 sancti
1441 3835 1595 3914 Andreae
1616 3840 1654 3912 (d.

244 3943 293 4003 36.
314 3938 502 4014 November),
526 3944 641 4017 quarta
662 3934 749 3996 cirea
770 3934 887 3997 festum
908 3934 1127 3997 conversionis
1149 3937 1252 3998 sancti
1271 3934 1364 3999 Pauli
1387 3931 1431 4018 (d.
1451 3931 1654 4017 25.Januar),

245 4035 358 4122 quinta
385 4043 459 4118 post
487 4032 678 4097 dominicam
707 4033 892 4114 Invocavit,
920 4043 1014 4096 sexta
1042 4042 1118 4119 post
1145 4032 1338 4098 dominicam
1366 4033 1496 4116 ludica,
1523 4035 1656 4120 septima

245 4136 332 4198 cirea
345 4132 462 4196 festum
476 4134 671 4195 ascensionis
688 4142 719 4195 et
737 4142 861 4218 octava
874 4133 961 4196 circa
977 4132 1094 4196 festum
1109 4132 1240 4196 Ioannis
1261 4131 1424 4218 baptistae
1445 4139 1489 4212 (d.
1501 4139 1551 4201 24.
1561 4131 1654 4216 Juar').

203 4231 295 4320 ³5[ln
317 4234 458 4295 futurum
483 4235 518 4294 12
539 4230 723 4295 ordinariae
746 4231 985 4318 disputaciones
1008 4229 1218 4316 tencantur.]⁴
1260 4231 1340 4295 Item
1360 4232 1493 4318 placuit,
1518 4231 1604 4320 quod
1624 4234 1656 4295 in

244 4343 340 4396 antea
369 4328 503 4414 singulis
536 4332 629 4393 annis
661 4330 837 4394 baccalarii
868 4329 1049 4414 theologiae
1079 4341 1127 4393 ter
1159 4352 1218 4415 per
1250 4331 1451 4396 caniculares
1484 4332 1654 4419 disputent,

245 4434 349 4517 primo
374 4431 461 4492 eirca
482 4429 598 4492 festum
618 4429 728 4494 Iacobi
752 4435 794 4506 (d.
817 4436 866 4495 25.
887 4434 978 4509 Julr),
1011 4428 1151 4493 secundo
1174 4430 1261 4493 circa
1282 4430 1399 4494 festum
1421 4433 1654 4519 assumptionis

244 4529 289 4615 (d.
312 4536 358 4595 15.
388 4533 516 4607 Aequat)
545 4538 576 4592 et
602 4530 701 4592 tercio
728 4530 815 4592 circa
842 4529 958 4591 festum
987 4530 1168 4593 nativitatis
1194 4528 1320 4593 Mariae
1349 4535 1393 4607 (d.
1415 4535 1444 4596 8.
1466 4534 1654 4611 Septenber).

242 4629 286 4692 Et
309 4629 476 4716 quoniam,
497 4649 579 4713 quae
601 4626 751 4692 ordinata
773 4636 860 4709 sunt,
882 4627 1076 4693 fructuosius
1096 4630 1270 4694 memoriae
1291 4629 1571 4714 commendantur,
1590 4631 1653 4719 pla·

327 4817 338 4865 1
360 4809 547 4867 Geschriebeu
564 4807 637 4864 steht
653 4808 791 4881 offuturis.
927 4865 928 4869 ,

326 4900 341 4948 2
357 4893 447 4948 Hieeu
459 4894 503 4949 die
513 4893 778 4961 Randbemerkung:
788 4892 854 4946 Nori
864 4893 1022 4962 requiritur,
1032 4902 1061 4947 ut
1071 4896 1200 4964 meysam
1206 4895 1399 4964 theoloqioesit
1408 4897 1543 4966 mapa‘ater
1549 4899 1652 4952 m.

325 4984 340 5033 3
359 4978 545 5035 Geschriebeu
562 4976 635 5032 steht
652 4977 779 5031 intendes.
1021 5003 1024 5009 ·

324 5068 339 5116 4
360 5063 427 5116 Hier
445 5062 552 5115 scheint
569 5061 628 5116 eine
647 5065 739 5131 apater
756 5059 978 5130 nachgetragene
996 5063 1247 5136 Randbemerlrung
1264 5063 1309 5119 bei
1326 5065 1376 5120 der
1393 5065 1544 5122 Absehrift
1560 5069 1588 5122 in
1603 5066 1650 5120 deu

240 5144 358 5200 Context
375 5145 508 5217 gerathen
525 5163 559 5198 zu
577 5145 642 5200 sein.
678 5145 741 5217 Vgl.
761 5149 845 5199 unten
866 5150 889 5212 ξ.
907 5151 949 5202 51.
