3756 6158
252 489 311 556 534
742 489 793 539 Die
816 490 1036 554 philosophiscbe
1053 489 1181 541 Facultttt.

250 674 355 759 primo
380 673 527 737 semestri
547 672 807 756 frequentaretur
829 670 976 736 doctrina
997 670 1128 759 publica
1149 672 1383 758 grammaticae
1404 694 1547 757 graecae
1569 686 1603 739 et
1631 673 1675 740 la·

249 775 335 837 tinae
351 775 369 854 ¹,
393 771 585 837 dialecticae
597 781 629 836 et
649 773 805 858 poeticae,
826 769 967 836 secundo
989 773 1137 836 semestri
1157 794 1285 836 rursum
1301 772 1538 857 grammaticae
1557 775 1675 839 utrius·

252 894 313 959 que
323 873 347 952 ²,
369 870 561 937 dialecticae
582 880 614 936 et
637 869 749 934 simulr
762 870 925 935 betoricae
941 879 1128 958 praecepta,
1141 873 1237 936 tertio
1252 894 1381 936 rursum
1395 872 1545 959 poeticae
1561 883 1595 938 et
1606 872 1675 938 rbe-

247 973 380 1054 toricae,
403 981 434 1034 et
456 979 626 1057 praeterea
646 969 802 1054 physicae
822 979 854 1033 et
874 969 1104 1034 matbematum
1117 969 1275 1034 elementa
1287 969 1487 1036 audirentur.
1509 970 1605 1037 Haec
1616 975 1675 1060 igi·

206 1081 222 1135 5
252 1080 304 1134 tur
316 1071 364 1134 ita
380 1071 553 1135 constituta
571 1065 635 1156 [43]
651 1090 761 1133 omnes
779 1069 942 1154 sequenda
964 1070 1076 1150 scient,
1098 1071 1155 1156 qui
1176 1069 1238 1134 bac
1257 1070 1292 1134 in
1312 1077 1410 1156 parte
1424 1069 1603 1156 aliquando
1623 1094 1676 1159 pe

247 1172 358 1235 titores
378 1179 452 1234 sunt
472 1169 578 1233 futuri.
622 1168 788 1254 Iidemque
810 1166 924 1232 diebus
949 1168 1123 1251 caniculae,
1144 1167 1261 1254 quibus
1289 1168 1456 1234 ordinaria
1486 1179 1519 1234 et
1539 1169 1674 1257 pubbca

247 1268 395 1333 doctriua
412 1269 648 1349 intermittitur,
668 1266 862 1350 baculariia,
895 1266 998 1332 bonos
1028 1276 1158 1332 autores
1189 1266 1445 1355 explicantibus,
1483 1266 1673 1355 diligentem

248 1390 382 1452 operam
403 1367 482 1432 dare
504 1366 675 1432 debebunt.

293 1575 319 1635 3.
350 1584 479 1632 CURSUS
511 1585 714 1633 spumosum
736 1583 991 1633 commaticus
1013 1583 1066 1651 ns,
1087 1585 1146 1644 Qut
1170 1585 1335 1633 numeral
1357 1585 1452 1635 mat
1474 1585 1628 1635 VOLENT.

207 1728 238 1782 10
333 1716 399 1797 Qui
420 1717 568 1800 magistri
590 1715 781 1802 dignitatem
803 1717 942 1804 adipisci
961 1713 1057 1797 volet,
1086 1719 1114 1779 is
1136 1716 1315 1783 studiorum
1335 1719 1494 1782 rationem
1510 1730 1673 1807 sequetur,

247 1839 343 1903 quam
363 1814 577 1880 subiiciemus.
615 1816 690 1881 Erit
710 1826 816 1880 autem
838 1825 922 1880 totus
943 1836 1056 1880 cursus
1079 1814 1258 1880 studiorum
1287 1827 1361 1881 ante
1383 1819 1576 1904 petitionem
1597 1821 1672 1883 anni

249 1919 321 1980 duo.
366 1914 438 1995 Quo
461 1913 592 2000 quidem
613 1924 758 2001 tempore
781 1916 869 1980 omni
889 1914 1022 1979 audient
1041 1913 1074 1978 bi
1096 1907 1312 2000 professorem
1334 1914 1564 2003 philosophiae
1583 1917 1671 1982 illum

247 2017 400 2080 eximium
411 2015 433 2095 ³,
454 2016 595 2101 itemque
615 2015 833 2100 professorem
856 2016 1022 2101 utriusque
1043 2013 1196 2099 linguae⁴
1229 2023 1262 2079 et
1281 2014 1379 2079 Fabii
1402 2013 1671 2102 explicatoremi,

247 2117 352 2202 primo
375 2123 480 2178 autem
501 2115 648 2178 semestri
669 2123 701 2178 ct
722 2113 864 2178 secundo
886 2114 1018 2199 insuper
1032 2111 1171 2204 physica
1185 2122 1217 2178 et
1234 2112 1341 2178 etbica
1354 2114 1555 2204 Aristotelis,
1577 2118 1668 2182 tertio

208 2225 280 2280 15et
302 2222 416 2302 quarto
438 2222 567 2299 praeter
588 2209 669 2276 baec
689 2213 787 2276 etiam
808 2213 1044 2278 mathematicis
1069 2211 1253 2299 disciplinis
1272 2212 1463 2304 diligentem
1493 2225 1526 2279 et
1547 2217 1670 2305 praeci-

247 2335 346 2401 puam
368 2334 501 2398 operam
522 2309 655 2384 dabunt.

248 2522 275 2580 4.
299 2531 346 2577 DE
362 2527 587 2576 AT'I'ENTIONE
608 2528 644 2574 IN
664 2528 839 2576 DISCENDO
861 2530 907 2576 ΕΤ
927 2530 963 2576 IN
986 2529 1135 2577 tentans
1158 2528 1408 2578 conmaloltusi
1423 2532 1669 2582 flaslrarlorta

328 2660 510 2726 Audientru
542 2669 648 2724 autem
680 2660 882 2746 professores
913 2659 1062 2747 publicae
1093 2659 1260 2726 doctrinae
1287 2661 1401 2751 sedulo
1429 2673 1461 2729 et
1488 2663 1666 2752 diligenter,

248 2784 312 2827 non
333 2762 526 2825 necessitate
546 2767 672 2823 tantum
696 2761 960 2825 constitutionum
984 2757 1049 2848 [44]
1072 2760 1189 2827 barum
1222 2761 1280 2826 sed
1308 2764 1418 2827 animo
1446 2772 1478 2828 et
1507 2766 1666 2832 voluntate

206 2859 393 2927 2ttliberalis
425 2859 619 2944 cognitionis
650 2870 682 2923 et
709 2858 886 2944 cupiditate
915 2858 1083 2925 doctrinae
1109 2868 1206 2947 atque
1233 2860 1435 2926 eruditionis.
1476 2863 1516 2929 In
1536 2865 1668 2931 aedibus

247 2960 374 3044 collegii
396 2960 550 3044 petitores
572 2957 696 3023 futuros
718 2958 877 3023 bonorum
905 2956 1168 3025 scholasticorum
1190 2956 1355 3042 babitare,
1379 2973 1473 3027 ‚esset
1504 2967 1665 3051 optimum

246 3059 281 3124 Si
304 3056 382 3146 quid
403 3067 520 3137 tamen,
542 3079 604 3144 quo
626 3058 732 3122 minus
752 3057 815 3122 boc
832 3057 932 3138 fieret,
953 3056 1049 3122 alicui
1070 3059 1154 3125 forte
1169 3058 1342 3142 obstiterit,
1364 3061 1516 3128 volumus
1530 3074 1562 3128 et
1583 3064 1663 3130 iube·

246 3181 317 3222 mus
337 3155 561 3237 nibilominus,
594 3179 667 3222 eum
699 3157 787 3243 apud
816 3166 998 3221 curatorem
1031 3180 1088 3222 seu
1119 3167 1346 3224 conventuram
1374 3160 1509 3228 aedium
1537 3163 1664 3230 alicuius

245 3256 373 3340 collegii
394 3265 440 3332 (ut
463 3257 541 3337 eius,
561 3256 594 3318 in
615 3277 677 3341 quo
699 3254 897 3319 habitantem
919 3256 1001 3320 forte
1014 3258 1205 3342 magistrum
1218 3258 1417 3344 peculiarem
1429 3259 1577 3341 babebit)
1598 3287 1663 3351 pro·

205 3357 330 3422 25fiteri
351 3377 467 3419 nomen
490 3377 583 3418 suurn
604 3365 637 3418 et
656 3353 699 3418 ad
729 3356 977 3418 exercitationes
1006 3355 1261 3443 disputationum
1288 3360 1428 3424 usitatas
1457 3365 1591 3449 vesperi
1617 3385 1663 3426 ve·

246 3458 316 3519 nire
336 3463 368 3517 et
389 3453 461 3517 aliis
481 3454 590 3534 rebus,
621 3452 738 3538 quibus
761 3452 907 3534 decebit,
940 3453 1066 3540 collegii
1099 3455 1185 3521 illius
1216 3458 1358 3522 actiones
1386 3459 1548 3525 adiuvare
1569 3471 1601 3525 et
1620 3483 1663 3526 or·

246 3577 335 3618 nare.
377 3553 480 3640 quue
502 3564 652 3639 tempore
675 3553 841 3638 petitionis
863 3554 1080 3639 unusquisque
1108 3557 1289 3621 testimonio
1318 3560 1480 3623 curatoris
1514 3582 1571 3625 seu
1599 3583 1662 3625 con·

247 3654 388 3718 ventoris
411 3674 431 3715 a
452 3673 487 3715 se
508 3674 579 3715 esse
600 3661 775 3733 servatum,
798 3651 932 3736 planum
952 3653 1060 3716 facere
1081 3653 1221 3720 debebit.

809 3838 836 3897 5.
859 3851 905 3896 na
928 3851 1108 3900 sarsurus

206 3981 239 4036 30
331 3967 513 4032 Indicatum
536 3976 592 4047 est,
614 3966 756 4051 spatium
778 3963 820 4028 ad
842 3967 1028 4051 petitionem
1051 3989 1171 4049 eorum,
1195 3972 1249 4054 qui
1263 3970 1423 4036 bacularii
1440 3973 1513 4038 fieri
1534 3977 1664 4062 cupiant,

247 4093 318 4133 esse
341 4067 543 4155 sesquianni3
565 4088 685 4146 eorum,
708 4065 762 4151 qui
784 4065 943 4149 magistri,
966 4088 1123 4130 annorum
1146 4067 1256 4134 duum.
1285 4069 1430 4152 Quodsi
1450 4076 1506 4160 qui
1528 4076 1611 4140 forte
1630 4096 1664 4138 ex

247 4168 319 4232 aliis
341 4164 514 4229 academiis
537 4166 691 4250 petitores
714 4163 906 4227 advenerint
928 4172 959 4227 et
981 4164 1200 4250 affirmabunt,
1223 4172 1341 4235 secius
1361 4175 1663 4258 temporiscursum‚

247 4290 309 4352 quo
331 4265 384 4329 bic
404 4262 580 4328 secundum
603 4274 723 4328 statuta
750 4266 877 4327 versari
906 4262 1112 4347 debuissent,
1161 4266 1238 4331 alibi
1268 4268 1447 4334 confecisse
1477 4282 1509 4336 et
1537 4270 1664 4339 coluisse

247 4365 302 4429 illa
324 4363 440 4444 studia,
463 4362 580 4449 quibus
601 4372 636 4426 ut
657 4363 750 4426 detur
773 4385 874 4449 opera
896 4363 1143 4450 praescribitur,
1177 4367 1199 4430 ii
1222 4366 1351 4452 publico
1373 4378 1431 4434 aut
1451 4380 1663 4453 cartaeorum,

204 4462 366 4551 atquibus
387 4463 653 4548 praeceptoribus
673 4464 723 4527 usi
746 4475 829 4543 suut,
852 4464 1047 4545 testimonio,
1071 4463 1132 4528 boc
1153 4466 1200 4528 ita
1227 4489 1261 4530 se
1284 4466 1416 4550 babere,
1450 4469 1664 4538 demonstrare

333 4734 341 4781 1
364 4724 457 4782 Dafrir
473 4727 510 4780 ist
527 4728 618 4796 spiter
634 4725 813 4796 geschrieben
832 4729 943 4798 linqrtae
952 4729 1099 4801 atrium

326 4818 341 4866 2
360 4809 451 4866 Dafrir
468 4814 561 4880 apaten
577 4811 716 4879 unamque
733 4810 850 4881 linyrroe.

328 4900 343 4949 3
363 4893 455 4948 Dafrir
472 4894 508 4947 ist
526 4896 618 4963 opiter
636 4892 815 4962 geschrieben
831 4900 1021 4965 professorem
1038 4899 1144 4962 οτᾳαηὶ.

329 4983 344 5032 4
368 4979 512 5047 Utriusque
530 4977 638 5046 linyrrae
655 4976 763 5032 scbeint
780 4978 832 5032 auf
845 4979 938 5033 Rasur
956 4998 991 5033 au
1010 4979 1113 5035 steben.
1149 4983 1232 5038 Aucb
1249 4983 1309 5039 bier
1327 5001 1385 5040 war
1403 4987 1529 5059 unfangs
1538 4987 1607 5044 wobl
1620 5003 1660 5058 ge·

245 5059 387 5115 scbrieben
403 5062 598 5130 grammaticae
616 5062 760 5130 utriusque.

330 5151 344 5204 5
362 5143 453 5200 Datiir
469 5145 505 5201 ist
523 5148 615 5217 spiiter
632 5144 810 5215 geschrieben
828 5155 854 5201 ct
870 5149 942 5205 artis
958 5148 1118 5206 rhetoricae.
