3756 6158
215 445 275 511 424
704 443 754 495 Die
772 443 993 509 philosophiache
1012 445 1140 496 Facultttt.

217 622 360 710 strisde
385 624 491 715 longis
518 623 719 709 lectionibus,
745 636 781 692 ut
803 626 1010 715 phisicorum,
1038 626 1224 706 ethicorum,
1248 624 1411 708 Euclidis,
1442 623 1537 691 etde
1560 647 1628 691 oon-

217 721 418 790 currentibus
449 734 481 789 et
513 724 682 790 exerciciis
712 726 935 814 praecedentis
964 727 1150 793 mutationis
1179 724 1293 791 sabato
1325 735 1401 813 post
1428 723 1574 813 Philippi
1601 735 1630 790 et

215 823 352 908 Iacobi,¹
374 824 431 889 sed
451 847 512 913 pro
534 820 756 892 distribuenda
778 827 915 914 pecunia
936 827 1047 893 debita
1067 826 1232 912 magistris
1253 847 1313 912 pro
1333 823 1528 891 lectionibus
1550 824 1630 890 ordi·

216 924 318 989 nariis
338 923 544 989 brevioribus
566 923 681 990 sabato
704 936 779 1013 post
797 926 1042 1013 Margarethae3
1072 927 1106 991 in
1131 925 1237 991 hieme
1259 933 1367 990 autem
1394 946 1456 1011 pro
1481 923 1629 1011 longiori-

176 1033 193 1087 5
218 1023 279 1088 bus
299 1021 490 1088 lectionibus
520 1033 551 1088 et
577 1026 746 1090 exerciciis
770 1035 802 1091 et
827 1024 1089 1092 concurrentibus
1112 1022 1226 1090 sabato
1248 1034 1323 1112 post
1343 1025 1487 1090 omnium
1509 1032 1629 1089 saneto·

216 1144 298 1205 rum,
320 1144 380 1209 pro
400 1120 604 1188 brevioribus
628 1132 734 1189 autem
755 1124 945 1192 lectionibus
967 1124 1140 1192 ordinariis
1162 1121 1273 1190 sabato
1295 1132 1370 1212 post
1391 1122 1631 1188 conversionem

217 1220 320 1286 Pauli.
359 1220 412 1286 De
434 1243 499 1309 qua
518 1224 749 1288 convocatione
772 1224 868 1291 debet
894 1225 1029 1314 quilibet
1054 1224 1283 1311 magistrorum
1311 1221 1351 1287 de
1378 1220 1515 1288 consilio
1536 1219 1631 1287 facul·

218 1321 296 1412 tatis
316 1319 437 1386 babere
451 1343 550 1420 unum
570 1337 609 1406 95.
628 1342 750 1414 novum
768 1323 811 1389 de
831 1323 992 1390 facultate.
1031 1323 1127 1405 Quod
1148 1324 1177 1389 si
1197 1321 1349 1404 decanus,
1368 1319 1458 1386 nullo
1477 1319 1631 1407 legittimo

217 1418 448 1506 impedimento
469 1421 654 1507 impeditus,
680 1422 731 1488 his
754 1422 1017 1497 statutisdiebus
1037 1447 1103 1489 non
1128 1422 1254 1503 fecerit,
1282 1419 1323 1486 de
1349 1418 1495 1509 qualibet
1519 1440 1629 1484 convo-

179 1529 211 1584 ιθ
222 1519 353 1584 cacione
372 1520 602 1606 praetermissa
623 1520 728 1587 solvat
748 1526 935 1610 pro'poena
957 1521 1123 1588 dimidium
1144 1520 1302 1586 florenum
1322 1517 1375 1584 vel
1401 1520 1445 1585 sit
1469 1527 1547 1607 post
1565 1517 1632 1585 fun·

220 1627 306 1684 ctum
327 1640 419 1683 suum
440 1617 580 1684 officium
600 1620 672 1707 ipso
691 1620 776 1686 facto
799 1643 984 1708 suspensus,
1004 1642 1168 1708 quousque
1191 1618 1323 1684 solverit
1343 1641 1418 1683 cum
1439 1617 1566 1683 effectu

559 1793 621 1872 ιτ.
642 1803 811 1883 υιιιιουο
831 1805 1081 1855 oraremunsm
1099 1803 1288 1852 succuum
1386 1864 1391 1869 .

300 1917 458 2003 Magister
480 1928 591 2004 petens
614 1920 786 2006 pecuniam
815 1919 911 1985 debet
935 1919 1082 1985 facultati
1111 1927 1319 2006 praesentare
1350 1939 1441 1985 suam
1470 1914 1632 1983 scedulam

219 2016 399 2083 auditorum
421 2039 560 2102 suorum,
579 2007 756 2103 secundum
778 2017 922 2085 ordinem
942 2017 1109 2107 alphabeti
1130 2017 1360 2099 ordinatorum,
1380 2018 1415 2082 iu
1428 2022 1503 2105 qua,
1526 2037 1632 2082 secun·

180 2126 211 2181 15
221 2115 297 2182 dum
317 2114 404 2203 quod
423 2117 557 2192 inferius
578 2119 737 2194 sannam,
762 2116 982 2204 negligencias
1003 2128 1035 2184 et
1059 2116 1202 2183 defectus
1227 2126 1261 2182 et
1285 2126 1413 2204 tempus
1434 2114 1633 2181 visitamus

221 2215 433 2300 consignavit,
456 2224 487 2281 et
506 2215 652 2282 similiter
672 2218 821 2283 visitator
843 2241 951 2301 suam,
980 2227 1012 2284 et
1040 2216 1155 2282 ambae
1182 2214 1301 2280 debent
1326 2214 1406 2301 legl,
1435 2223 1472 2279 ut
1498 2211 1633 2279 facultas

221 2313 382 2402 intelligat
403 2313 608 2401 diligenciam
623 2327 841 2405 utrorumque.
864 2316 899 2382 Si
920 2325 997 2382 tune
1015 2312 1307 2403 irreprehensibilis
1328 2313 1521 2396 invenietur,
1542 2310 1635 2377 debet

224 2415 286 2480 sibi
308 2415 447 2503 pecunia
469 2436 528 2479 sua
551 2413 639 2498 dari,
667 2414 812 2480 detracta
836 2426 916 2481 taxa
945 2425 978 2480 et
1005 2422 1133 2480 servato
1161 2413 1302 2480 denario
1321 2435 1407 2479 novo
1433 2434 1495 2500 pro
1523 2411 1631 2477 iuscri-

220 2513 334 2580 bendo.
375 2511 410 2578 Si
432 2522 538 2579 autem
559 2513 822 2601 reprehensibilis
845 2507 1143 2602 [24¹¹]invenietun
1164 2512 1216 2578 vel
1237 2523 1349 2601 petens
1371 2512 1546 2600 pecuniam
1567 2511 1632 2575 sive

180 2615 379 2697 20visitator,
400 2621 533 2702 uterque
554 2636 615 2703 pro
635 2613 791 2701 qualitate
810 2635 963 2681 excessus
984 2614 1144 2701 puniatur.

726 2786 771 2848 18.
791 2797 840 2845 nu
859 2762 1131 2847 v1s1rauon1sus.

304 2911 497 2978 Visitatores
519 2909 638 2978 debent
664 2913 773 2979 statim
798 2919 873 3000 post
894 2912 1029 2996 terciam
1053 2912 1223 2995 lectionem
1249 2911 1318 2975 sive
1344 2909 1538 2975 exercitium
1566 2929 1633 2974 esse

224 3011 365 3078 asstricti
386 3009 429 3075 ad
447 3009 645 3077 visitandum
665 3013 825 3077 inavisate
846 3033 955 3094 omnes
982 3011 1124 3099 legentes
1150 3019 1182 3076 et
1202 3020 1391 3075 exercentes
1413 3007 1569 3074 adruinus
1586 3007 1631 3074 bis

223 3113 258 3177 in
279 3108 491 3194 hebdomada,
514 3119 546 3176 et
572 3110 618 3176 ibi
646 3111 816 3198 diligenter
843 3113 956 3176 rimari
983 3112 1212 3198 magistrorum
1240 3119 1272 3173 et
1297 3106 1473 3172 scolarium
1501 3105 1631 3194 diligen·

183 3211 321 3291 tioium,
343 3218 376 3274 ct
396 3217 473 3274 tunc
494 3232 621 3297 semper
639 3211 747 3276 facere
766 3211 940 3297 registrum
957 3209 1041 3297 legi,
1066 3211 1147 3275 etsi
1168 3210 1223 3297 qui
1244 3207 1366 3293 reperti
1385 3206 1507 3271 firefint
1525 3205 1634 3272 absen-

223 3320 284 3392 tes,
309 3307 382 3374 illos
404 3308 523 3375 debent
543 3309 680 3374 fideliter
703 3311 842 3396 signare,
864 3331 929 3375 non
947 3318 1072 3373 tannun
1092 3309 1130 3390 is,
1152 3309 1206 3395 qui
1228 3305 1426 3389 visitat,'sed
1448 3307 1554 3371 eciam
1573 3303 1632 3386 ills,

225 3411 279 3498 qui
300 3408 379 3494 legit
399 3407 450 3473 vel
476 3417 622 3490 exercet,
648 3408 782 3494 quilibet
800 3411 834 3473 in
856 3431 915 3474 sua
935 3407 1074 3490 scedula,
1103 3415 1247 3493 tempore
1269 3404 1505 3470 distributionis
1528 3402 1633 3469 salarii

223 3507 369 3573 facultati
398 3506 643 3594 praesentanda
684 3507 838 3573 Similiter
866 3517 999 3596 uterque
1030 3528 1138 3572 eorum
1168 3504 1264 3570 debet
1290 3506 1324 3569 iu
1357 3503 1455 3570 dorso
1487 3502 1633 3568 scedulae

225 3608 310 3672 diem
331 3605 496 3672 ethoram
516 3606 710 3671 visitationis
731 3599 917 3690 inscribere,
946 3606 1041 3671 debet
1068 3615 1174 3671 autem
1203 3626 1263 3691 pro
1290 3603 1401 3670 labore
1430 3625 1490 3669 suo
1518 3600 1633 3668 babere

184 3704 361 3794 toquilibet
380 3707 529 3771 visitator
550 3704 590 3770 de
610 3704 753 3793 qualibet
774 3729 838 3771 una
862 3716 931 3772 tota
950 3707 1148 3787 visitacione,
1177 3726 1289 3789 eorum
1312 3701 1462 3768 videlicet
1488 3703 1633 3783 omnium,

227 3807 282 3891 qui
303 3827 362 3893 per
383 3827 456 3870 eum
475 3803 630 3869 visitandi
650 3814 733 3887 sunt,
756 3827 776 3869 a
796 3796 948 3870 facultate
968 3826 1065 3871 unum
1093 3826 1241 3894 grossum
1262 3824 1391 3868 novum.
1430 3800 1468 3867 Si
1490 3803 1562 3889 quis
1584 3823 1633 3867 au·

225 3914 290 3969 tem
312 3905 381 3969 sine
401 3902 557 3989 legittimo
578 3903 805 3991 impedimento
827 3904 1022 3992 aliquociens
1035 3905 1170 3969 visitare
1189 3901 1377 3988 neglexerit,
1400 3903 1442 3966 sit
1460 3901 1534 3988 ipso
1552 3900 1632 3966 facto
1652 3984 1655 3991 Ι

227 4003 268 4069 ab
289 4003 415 4068 actibus
437 4003 616 4069 scolasticis
644 4027 826 4092 suspensus,
855 4003 955 4070 donec
981 4014 1012 4069 et
1041 4025 1205 4091 quousque
1232 4004 1352 4068 tociens
1380 3999 1531 4066 facultati
1558 3999 1633 4065 dnos

225 4125 355 4190 grossos
378 4125 478 4168 novos
506 4103 711 4190 persolverit,
740 4104 891 4191 quociens
913 4102 1052 4191 aliquem
1079 4105 1264 4192 peripsum
1285 4098 1483 4166 visitandum
1504 4101 1632 4165 visitare

185 4200 414 4288 toneglexerit
456 4201 492 4267 Si
521 4203 591 4288 quis
624 4213 730 4268 antem
756 4202 913 4290 legittimo
940 4203 1170 4290 impedimento
1198 4199 1372 4288 impeditus
1399 4199 1513 4283 fuerit,
1545 4198 1633 4264 debet

225 4299 449 4366 nichilominus
470 4300 563 4366 alteri
585 4301 624 4366 de
645 4301 776 4368 consilio
797 4301 960 4368 facultatis
982 4302 1188 4368 committere.
1215 4299 1295 4364 Item
1312 4299 1508 4380 visitatores,
1530 4319 1632 4386 recep·

227 4402 269 4467 tis
296 4398 435 4465 scedulis
461 4422 482 4464 a
506 4402 671 4486 magistris
697 4400 877 4488 legentibus
905 4409 937 4466 et
960 4399 1199 4482 exercentibus,
1228 4406 1362 4486 possunt
1389 4399 1475 4463 inter
1503 4419 1541 4464 se
1566 4419 1632 4462 con·

227 4498 361 4567 eordare
389 4507 421 4563 et
448 4496 595 4564 scedulas
622 4502 741 4588 aptiori
769 4500 865 4567 modo
891 4501 974 4565 inter
1004 4522 1038 4565 se
1070 4497 1230 4582 dividere,
1264 4498 1312 4563 sic
1340 4495 1426 4583 quod
1454 4518 1540 4565 unus
1565 4494 1632 4561 illos

226 4600 350 4681 visitet,
372 4596 453 4662 alter
474 4588 564 4662 alios.

312 4786 323 4836 l
342 4779 504 4852 Philippi
522 4784 556 4834 et
571 4778 697 4834 Iacobl
715 4780 752 4834 ist
767 4779 816 4835 der
837 4785 858 4834 t.
877 4779 943 4848 Mai,
960 4776 1209 4850 Margarethae
1225 4778 1274 4833 der
1288 4782 1325 4834 12.
1339 4776 1405 4833 oder
1422 4781 1462 4854 13.
1476 4775 1631 4849 tutione

226 4867 307 4937 dings
323 4864 390 4919 wird
407 4865 465 4920 dies
482 4863 549 4919 Fert
565 4862 611 4919 hie
627 4863 683 4917 und
699 4864 736 4918 da
754 4863 826 4919 auch
843 4879 887 4917 am
906 4869 945 4919 15.
962 4861 1018 4917 und
1042 4861 1127 4917 solbat
1149 4878 1193 4916 am
1217 4861 1333 4919 ao.Ju1i
1356 4859 1489 4933 gefeiert3
1513 4861 1580 4918 aber
1592 4858 1631 4915 dio

227 4947 406 5019 Aufatthlung
422 4948 470 5003 der
486 4947 568 5003 Festa
587 4947 635 5003 der
657 4946 898 5016 philosophischen
914 4946 1062 5013 ramat,
1079 4945 1215 5002 Urkuudl.
1235 4945 1350 5012 Quallen
1368 4944 1396 5003 S.
1414 4949 1472 5015 784,
1493 4949 1579 5001 uenat
1591 4942 1630 4998 die

229 5031 280 5088 auf
300 5032 353 5087 den
372 5037 409 5087 15.
426 5031 485 5086 Juli
509 5029 628 5086 fallenda
650 5029 747 5084 divisio
766 5031 954 5100 apostolorum
976 5029 1068 5085 nach
1090 5027 1479 5103 Margarethae),omnium
1500 5033 1629 5085 saucto-

228 5116 365 5172 rander
383 5120 407 5172 1.
423 5115 585 5185 November,
602 5113 780 5173 conversio
797 5115 901 5174 Pauli
918 5115 967 5170 der
985 5119 1025 5172 25.
1043 5113 1159 5173 lmus.
