<?xml version="1.0" encoding="UTF-8"?>
<!DOCTYPE html PUBLIC "-//W3C//DTD XHTML 1.0 Transitional//EN"
    "http://www.w3.org/TR/xhtml1/DTD/xhtml1-transitional.dtd">
<html xmlns="http://www.w3.org/1999/xhtml" xml:lang="en" lang="en">
 <head>
  <title>
</title>
<meta http-equiv="Content-Type" content="text/html;charset=utf-8" />
  <meta name='ocr-system' content='tesseract 3.04.00' />
  <meta name='ocr-capabilities' content='ocr_page ocr_carea ocr_par ocr_line ocrx_word'/>
</head>
<body>
  <div class='ocr_page' id='page_1' title='image "./diestatutenbche00univgoog_0487.png"; bbox 0 0 3756 6158; ppageno 0'>
   <div class='ocr_carea' id='block_1_1' title="bbox 238 469 1171 545">
    <p class='ocr_par' dir='ltr' id='par_1_1' title="bbox 238 469 1171 545">
     <span class='ocr_line' id='line_1_1' title="bbox 238 469 1171 545; baseline -0.009 -12"><span class='ocrx_word' id='word_1_1' title='bbox 238 477 299 545; x_wconf 83' lang='lat'><strong>468</strong></span> <span class='ocrx_word' id='word_1_2' title='bbox 744 469 795 524; x_wconf 83' lang='lat' dir='ltr'><strong>Dic</strong></span> <span class='ocrx_word' id='word_1_3' title='bbox 812 471 1030 538; x_wconf 83' lang='lat' dir='ltr'><strong>philosophische</strong></span> <span class='ocrx_word' id='word_1_4' title='bbox 1043 470 1171 526; x_wconf 68' lang='lat' dir='ltr'><strong>Faculttt.</strong></span> 
     </span>
    </p>
   </div>
   <div class='ocr_carea' id='block_1_2' title="bbox 278 686 1633 854">
    <p class='ocr_par' dir='ltr' id='par_1_2' title="bbox 278 686 1633 854">
     <span class='ocr_line' id='line_1_2' title="bbox 278 686 1633 770; baseline -0.006 -12"><span class='ocrx_word' id='word_1_5' title='bbox 278 697 324 758; x_wconf 81' lang='lat'><strong>12.</strong></span> <span class='ocrx_word' id='word_1_6' title='bbox 349 707 517 770; x_wconf 71' lang='lat' dir='ltr'><strong>cucuron</strong></span> <span class='ocrx_word' id='word_1_7' title='bbox 539 704 712 754; x_wconf 76' lang='lat' dir='ltr'><strong>ramosus</strong></span> <span class='ocrx_word' id='word_1_8' title='bbox 732 707 810 767; x_wconf 83' lang='lat' dir='ltr'><strong>oure</strong></span> <span class='ocrx_word' id='word_1_9' title='bbox 832 708 868 755; x_wconf 78' lang='lat' dir='ltr'><strong>nr</strong></span> <span class='ocrx_word' id='word_1_10' title='bbox 887 706 966 754; x_wconf 74' lang='lat' dir='ltr'><strong>rsus</strong></span> <span class='ocrx_word' id='word_1_11' title='bbox 986 686 1238 752; x_wconf 77' lang='lat' dir='ltr'><strong>curvansrrsrn</strong></span> <span class='ocrx_word' id='word_1_12' title='bbox 1260 705 1352 752; x_wconf 78' lang='lat' dir='ltr'><strong>sura</strong></span> <span class='ocrx_word' id='word_1_13' title='bbox 1376 703 1633 752; x_wconf 80' lang='lat' dir='ltr'><strong>rnonocrouau</strong></span> 
     </span>
     <span class='ocr_line' id='line_1_3' title="bbox 655 783 1420 854; baseline -0.003 -3"><span class='ocrx_word' id='word_1_14' title='bbox 655 806 946 854; x_wconf 67' lang='lat' dir='ltr'><strong>succurramus</strong></span> <span class='ocrx_word' id='word_1_15' title='bbox 969 804 1077 853; x_wconf 76' lang='lat' dir='ltr'><strong>srsnn</strong></span> <span class='ocrx_word' id='word_1_16' title='bbox 1100 804 1248 851; x_wconf 75' lang='lat' dir='ltr'><strong>narrar.</strong></span> <span class='ocrx_word' id='word_1_17' title='bbox 1416 783 1420 790; x_wconf 79' lang='grc'><em>“</em></span> 
     </span>
    </p>
   </div>
   <div class='ocr_carea' id='block_1_3' title="bbox 200 917 1669 1308">
    <p class='ocr_par' dir='ltr' id='par_1_3' title="bbox 327 917 1667 1017">
     <span class='ocr_line' id='line_1_4' title="bbox 327 917 1667 1017; baseline -0.004 -30"><span class='ocrx_word' id='word_1_18' title='bbox 327 922 442 988; x_wconf 90' lang='lat' dir='ltr'><strong>Nullus</strong></span> <span class='ocrx_word' id='word_1_19' title='bbox 464 920 561 987; x_wconf 91' lang='lat' dir='ltr'><strong>debet</strong></span> <span class='ocrx_word' id='word_1_20' title='bbox 582 919 710 984; x_wconf 81' lang='lat' dir='ltr'>admitti</span> <span class='ocrx_word' id='word_1_21' title='bbox 733 920 775 985; x_wconf 92' lang='lat' dir='ltr'><strong>ad</strong></span> <span class='ocrx_word' id='word_1_22' title='bbox 798 944 935 986; x_wconf 81' lang='lat' dir='ltr'><strong>examen</strong></span> <span class='ocrx_word' id='word_1_23' title='bbox 956 942 1018 1017; x_wconf 90' lang='lat' dir='ltr'><strong>pro</strong></span> <span class='ocrx_word' id='word_1_24' title='bbox 1040 918 1145 1005; x_wconf 89' lang='lat' dir='ltr'><strong>gradu</strong></span> <span class='ocrx_word' id='word_1_25' title='bbox 1164 917 1414 1002; x_wconf 85' lang='lat' dir='ltr'><strong>baccalariatus,</strong></span> <span class='ocrx_word' id='word_1_26' title='bbox 1443 920 1500 1008; x_wconf 91' lang='lat' dir='ltr'><strong>qui</strong></span> <span class='ocrx_word' id='word_1_27' title='bbox 1522 918 1614 1005; x_wconf 89' lang='lat' dir='ltr'><strong>prius</strong></span> <span class='ocrx_word' id='word_1_28' title='bbox 1636 919 1667 982; x_wconf 93' lang='lat' dir='ltr'><strong>in</strong></span> 
     </span>
    </p>

    <p class='ocr_par' dir='ltr' id='par_1_4' title="bbox 243 1019 1665 1106">
     <span class='ocr_line' id='line_1_5' title="bbox 243 1019 1665 1106; baseline -0.006 -18"><span class='ocrx_word' id='word_1_29' title='bbox 243 1023 309 1088; x_wconf 88' lang='lat' dir='ltr'><strong>alia</strong></span> <span class='ocrx_word' id='word_1_30' title='bbox 329 1021 543 1106; x_wconf 70' lang='lat' dir='ltr'><strong>universitate</strong></span> <span class='ocrx_word' id='word_1_31' title='bbox 564 1042 627 1083; x_wconf 89' lang='lat' dir='ltr'><strong>non</strong></span> <span class='ocrx_word' id='word_1_32' title='bbox 649 1021 748 1102; x_wconf 89' lang='lat' dir='ltr'><strong>stetit,</strong></span> <span class='ocrx_word' id='word_1_33' title='bbox 769 1021 833 1086; x_wconf 89' lang='lat' dir='ltr'><strong>nisi</strong></span> <span class='ocrx_word' id='word_1_34' title='bbox 855 1021 1004 1086; x_wconf 89' lang='lat' dir='ltr'><strong>adminus</strong></span> <span class='ocrx_word' id='word_1_35' title='bbox 1032 1021 1067 1084; x_wconf 92' lang='lat' dir='ltr'><strong>in</strong></span> <span class='ocrx_word' id='word_1_36' title='bbox 1091 1020 1155 1083; x_wconf 90' lang='lat' dir='ltr'><strong>ista</strong></span> <span class='ocrx_word' id='word_1_37' title='bbox 1182 1019 1394 1083; x_wconf 75' lang='lat' dir='ltr'><strong>universitate</strong></span> <span class='ocrx_word' id='word_1_38' title='bbox 1423 1019 1550 1083; x_wconf 87' lang='lat' dir='ltr'><strong>steterit</strong></span> <span class='ocrx_word' id='word_1_39' title='bbox 1573 1019 1665 1103; x_wconf 80' lang='lat' dir='ltr'><strong>quasi</strong></span> 
     </span>
    </p>

    <p class='ocr_par' dir='ltr' id='par_1_5' title="bbox 200 1109 1669 1308">
     <span class='ocr_line' id='line_1_6' title="bbox 200 1109 1669 1206; baseline -0.005 -18"><span class='ocrx_word' id='word_1_40' title='bbox 200 1132 216 1188; x_wconf 85' lang='lat'><strong>5</strong></span> <span class='ocrx_word' id='word_1_41' title='bbox 243 1121 444 1187; x_wconf 75' lang='lat' dir='ltr'><strong>adulterum</strong></span> <span class='ocrx_word' id='word_1_42' title='bbox 467 1118 636 1184; x_wconf 89' lang='lat' dir='ltr'><strong>dimidium</strong></span> <span class='ocrx_word' id='word_1_43' title='bbox 659 1142 796 1205; x_wconf 71' lang='lat' dir='ltr'><strong>annum,</strong></span> <span class='ocrx_word' id='word_1_44' title='bbox 831 1130 864 1187; x_wconf 89' lang='lat' dir='ltr'><strong>et</strong></span> <span class='ocrx_word' id='word_1_45' title='bbox 891 1120 952 1186; x_wconf 95' lang='lat' dir='ltr'><strong>hoc</strong></span> <span class='ocrx_word' id='word_1_46' title='bbox 968 1109 1092 1206; x_wconf 86' lang='lat' dir='ltr'><strong>‘quasi&#39;</strong></span> <span class='ocrx_word' id='word_1_47' title='bbox 1121 1140 1186 1183; x_wconf 90' lang='lat' dir='ltr'><strong>non</strong></span> <span class='ocrx_word' id='word_1_48' title='bbox 1215 1117 1366 1183; x_wconf 86' lang='lat' dir='ltr'><strong>diminuit</strong></span> <span class='ocrx_word' id='word_1_49' title='bbox 1396 1116 1471 1205; x_wconf 89' lang='lat' dir='ltr'><strong>plus</strong></span> <span class='ocrx_word' id='word_1_50' title='bbox 1492 1139 1591 1204; x_wconf 88' lang='lat' dir='ltr'><strong>quam</strong></span> <span class='ocrx_word' id='word_1_51' title='bbox 1612 1140 1669 1181; x_wconf 87' lang='lat' dir='ltr'><strong>sex</strong></span> 
     </span>
     <span class='ocr_line' id='line_1_7' title="bbox 242 1222 450 1308; baseline -0.014 -22"><span class='ocrx_word' id='word_1_52' title='bbox 242 1222 450 1308; x_wconf 89' lang='lat' dir='ltr'><strong>septimanas.</strong></span> 
     </span>
    </p>
   </div>
   <div class='ocr_carea' id='block_1_4' title="bbox 246 1391 1672 1557">
    <p class='ocr_par' dir='ltr' id='par_1_6' title="bbox 246 1391 1672 1557">
     <span class='ocr_line' id='line_1_8' title="bbox 246 1391 1672 1465; baseline -0.002 -13"><span class='ocrx_word' id='word_1_53' title='bbox 246 1391 291 1453; x_wconf 88' lang='lat'><strong>13.</strong></span> <span class='ocrx_word' id='word_1_54' title='bbox 320 1401 488 1465; x_wconf 66' lang='lat' dir='ltr'><strong>cucuron</strong></span> <span class='ocrx_word' id='word_1_55' title='bbox 508 1401 682 1449; x_wconf 82' lang='lat' dir='ltr'><strong>rnurorus</strong></span> <span class='ocrx_word' id='word_1_56' title='bbox 707 1394 913 1450; x_wconf 76' lang='lat' dir='ltr'><strong>anscausus</strong></span> <span class='ocrx_word' id='word_1_57' title='bbox 936 1399 1092 1449; x_wconf 80' lang='lat' dir='ltr'><strong>srunnns</strong></span> <span class='ocrx_word' id='word_1_58' title='bbox 1112 1400 1309 1449; x_wconf 74' lang='lat' dir='ltr'><strong>anvaumus</strong></span> <span class='ocrx_word' id='word_1_59' title='bbox 1328 1402 1422 1449; x_wconf 77' lang='lat' dir='ltr'><strong>aurs</strong></span> <span class='ocrx_word' id='word_1_60' title='bbox 1444 1399 1672 1450; x_wconf 75' lang='lat' dir='ltr'><strong>nsccnnamn·</strong></span> 
     </span>
     <span class='ocr_line' id='line_1_9' title="bbox 552 1497 1357 1557; baseline 0 -10"><span class='ocrx_word' id='word_1_61' title='bbox 552 1501 626 1548; x_wconf 81' lang='lat' dir='ltr'><strong>run</strong></span> <span class='ocrx_word' id='word_1_62' title='bbox 645 1501 683 1548; x_wconf 74' lang='lat' dir='ltr'><strong>nv</strong></span> <span class='ocrx_word' id='word_1_63' title='bbox 703 1500 782 1549; x_wconf 79' lang='lat' dir='ltr'><strong>1srs</strong></span> <span class='ocrx_word' id='word_1_64' title='bbox 802 1498 1056 1550; x_wconf 75' lang='lat' dir='ltr'><strong>curvsasmsrs</strong></span> <span class='ocrx_word' id='word_1_65' title='bbox 1077 1497 1187 1546; x_wconf 79' lang='lat' dir='ltr'><strong>srsnn</strong></span> <span class='ocrx_word' id='word_1_66' title='bbox 1207 1498 1357 1557; x_wconf 73' lang='lat' dir='ltr'><strong>casaur.</strong></span> 
     </span>
    </p>
   </div>
   <div class='ocr_carea' id='block_1_5' title="bbox 206 1599 1673 2002">
    <p class='ocr_par' dir='ltr' id='par_1_7' title="bbox 330 1599 1673 1700">
     <span class='ocr_line' id='line_1_10' title="bbox 330 1599 1673 1700; baseline -0.001 -20"><span class='ocrx_word' id='word_1_67' title='bbox 330 1614 465 1698; x_wconf 90' lang='lat' dir='ltr'><strong>Nullus,</strong></span> <span class='ocrx_word' id='word_1_68' title='bbox 493 1618 628 1679; x_wconf 90' lang='lat' dir='ltr'><strong>veniens</strong></span> <span class='ocrx_word' id='word_1_69' title='bbox 653 1614 694 1680; x_wconf 89' lang='lat' dir='ltr'><strong>de</strong></span> <span class='ocrx_word' id='word_1_70' title='bbox 714 1615 780 1680; x_wconf 90' lang='lat' dir='ltr'><strong>alia</strong></span> <span class='ocrx_word' id='word_1_71' title='bbox 800 1616 1012 1681; x_wconf 76' lang='lat' dir='ltr'><strong>universitate</strong></span> <span class='ocrx_word' id='word_1_72' title='bbox 1033 1599 1257 1696; x_wconf 48' lang='lat' dir='ltr'><strong>ad&#39;nostram,</strong></span> <span class='ocrx_word' id='word_1_73' title='bbox 1299 1616 1488 1700; x_wconf 88' lang='lat' dir='ltr'><strong>promoveri</strong></span> <span class='ocrx_word' id='word_1_74' title='bbox 1511 1613 1611 1681; x_wconf 86' lang='lat' dir='ltr'><strong>debet</strong></span> <span class='ocrx_word' id='word_1_75' title='bbox 1632 1615 1673 1680; x_wconf 89' lang='lat' dir='ltr'><strong>ad</strong></span> 
     </span>
    </p>

    <p class='ocr_par' dir='ltr' id='par_1_8' title="bbox 206 1713 1672 1802">
     <span class='ocr_line' id='line_1_11' title="bbox 206 1713 1672 1802; baseline -0.001 -21"><span class='ocrx_word' id='word_1_76' title='bbox 206 1726 238 1782; x_wconf 85' lang='lat'><strong>10</strong></span> <span class='ocrx_word' id='word_1_77' title='bbox 248 1715 387 1801; x_wconf 86' lang='lat' dir='ltr'><strong>gradum</strong></span> <span class='ocrx_word' id='word_1_78' title='bbox 413 1713 668 1797; x_wconf 86' lang='lat' dir='ltr'><strong>baccalariatus,</strong></span> <span class='ocrx_word' id='word_1_79' title='bbox 698 1717 763 1779; x_wconf 93' lang='lat' dir='ltr'><strong>nisi</strong></span> <span class='ocrx_word' id='word_1_80' title='bbox 791 1716 889 1802; x_wconf 88' lang='lat' dir='ltr'><strong>prius</strong></span> <span class='ocrx_word' id='word_1_81' title='bbox 910 1715 1036 1779; x_wconf 89' lang='lat' dir='ltr'><strong>steterit</strong></span> <span class='ocrx_word' id='word_1_82' title='bbox 1063 1713 1098 1776; x_wconf 94' lang='lat' dir='ltr'><strong>in</strong></span> <span class='ocrx_word' id='word_1_83' title='bbox 1126 1714 1190 1776; x_wconf 89' lang='lat' dir='ltr'><strong>ista</strong></span> <span class='ocrx_word' id='word_1_84' title='bbox 1218 1713 1432 1777; x_wconf 74' lang='lat' dir='ltr'><strong>universitate</strong></span> <span class='ocrx_word' id='word_1_85' title='bbox 1453 1736 1515 1800; x_wconf 90' lang='lat' dir='ltr'><strong>per</strong></span> <span class='ocrx_word' id='word_1_86' title='bbox 1534 1714 1672 1779; x_wconf 88' lang='lat' dir='ltr'><strong>medium</strong></span> 
     </span>
    </p>

    <p class='ocr_par' dir='ltr' id='par_1_9' title="bbox 247 1810 1673 2002">
     <span class='ocr_line' id='line_1_12' title="bbox 247 1810 1673 1895; baseline 0 -16"><span class='ocrx_word' id='word_1_87' title='bbox 247 1837 376 1895; x_wconf 88' lang='lat' dir='ltr'><strong>annum,</strong></span> <span class='ocrx_word' id='word_1_88' title='bbox 398 1823 430 1878; x_wconf 92' lang='lat' dir='ltr'><strong>et</strong></span> <span class='ocrx_word' id='word_1_89' title='bbox 451 1813 623 1878; x_wconf 91' lang='lat' dir='ltr'><strong>dummodo</strong></span> <span class='ocrx_word' id='word_1_90' title='bbox 646 1813 841 1880; x_wconf 89' lang='lat' dir='ltr'><strong>sufficientes</strong></span> <span class='ocrx_word' id='word_1_91' title='bbox 860 1813 1110 1879; x_wconf 82' lang='lat' dir='ltr'><strong>informaciones</strong></span> <span class='ocrx_word' id='word_1_92' title='bbox 1129 1812 1243 1876; x_wconf 82' lang='lat' dir='ltr'><strong>fecerit</strong></span> <span class='ocrx_word' id='word_1_93' title='bbox 1261 1810 1303 1876; x_wconf 90' lang='lat' dir='ltr'><strong>de</strong></span> <span class='ocrx_word' id='word_1_94' title='bbox 1324 1812 1492 1882; x_wconf 84' lang='lat' dir='ltr'><strong>auditione</strong></span> <span class='ocrx_word' id='word_1_95' title='bbox 1516 1813 1673 1879; x_wconf 86' lang='lat' dir='ltr'><strong>librorum</strong></span> 
     </span>
     <span class='ocr_line' id='line_1_13' title="bbox 248 1912 825 2002; baseline 0 -23"><span class='ocrx_word' id='word_1_96' title='bbox 248 1936 308 2002; x_wconf 89' lang='lat' dir='ltr'><strong>pro</strong></span> <span class='ocrx_word' id='word_1_97' title='bbox 331 1912 439 1999; x_wconf 86' lang='lat' dir='ltr'><strong>gradu</strong></span> <span class='ocrx_word' id='word_1_98' title='bbox 459 1914 494 1977; x_wconf 91' lang='lat' dir='ltr'><strong>in</strong></span> <span class='ocrx_word' id='word_1_99' title='bbox 516 1912 582 1977; x_wconf 87' lang='lat' dir='ltr'><strong>alia</strong></span> <span class='ocrx_word' id='word_1_100' title='bbox 603 1913 825 1979; x_wconf 78' lang='lat' dir='ltr'><strong>universitate.</strong></span> 
     </span>
    </p>
   </div>
   <div class='ocr_carea' id='block_1_6' title="bbox 304 2066 1623 2244">
    <p class='ocr_par' dir='ltr' id='par_1_10' title="bbox 304 2066 1623 2244">
     <span class='ocr_line' id='line_1_14' title="bbox 304 2066 1623 2157; baseline 0.002 -13"><span class='ocrx_word' id='word_1_101' title='bbox 304 2066 351 2144; x_wconf 70' lang='grc'><strong>11.</strong></span> <span class='ocrx_word' id='word_1_102' title='bbox 373 2095 540 2157; x_wconf 77' lang='lat' dir='ltr'>QUANTUM</span> <span class='ocrx_word' id='word_1_103' title='bbox 561 2095 735 2145; x_wconf 80' lang='lat' dir='ltr'>TEMPORIS</span> <span class='ocrx_word' id='word_1_104' title='bbox 757 2093 991 2146; x_wconf 70' lang='lat' dir='ltr'><strong>ascematus</strong></span> <span class='ocrx_word' id='word_1_105' title='bbox 1012 2093 1183 2143; x_wconf 69' lang='lat' dir='ltr'><strong>curamus</strong></span> <span class='ocrx_word' id='word_1_106' title='bbox 1202 2094 1468 2144; x_wconf 71' lang='lat' dir='ltr'><strong>uuwansmms</strong></span> <span class='ocrx_word' id='word_1_107' title='bbox 1487 2097 1526 2145; x_wconf 77' lang='lat' dir='ltr'><strong>m</strong></span> <span class='ocrx_word' id='word_1_108' title='bbox 1546 2097 1623 2146; x_wconf 73' lang='lat' dir='ltr'><strong>lsra</strong></span> 
     </span>
     <span class='ocr_line' id='line_1_15' title="bbox 577 2189 1340 2244; baseline 0 -2"><span class='ocrx_word' id='word_1_109' title='bbox 577 2195 685 2243; x_wconf 67' lang='lat' dir='ltr'><strong>adalta</strong></span> <span class='ocrx_word' id='word_1_110' title='bbox 706 2196 845 2244; x_wconf 77' lang='lat' dir='ltr'><strong>DEBEAT</strong></span> <span class='ocrx_word' id='word_1_111' title='bbox 864 2195 957 2242; x_wconf 78' lang='lat' dir='ltr'><strong>ANTE</strong></span> <span class='ocrx_word' id='word_1_112' title='bbox 976 2189 1073 2242; x_wconf 38' lang='lat' dir='ltr'>*SUUM</span> <span class='ocrx_word' id='word_1_113' title='bbox 1094 2193 1340 2244; x_wconf 67' lang='lat' dir='ltr'><strong>molesmum</strong></span> 
     </span>
    </p>
   </div>
   <div class='ocr_carea' id='block_1_7' title="bbox 210 2306 1673 2702">
    <p class='ocr_par' dir='ltr' id='par_1_11' title="bbox 210 2306 1673 2702">
     <span class='ocr_line' id='line_1_16' title="bbox 210 2306 1673 2396; baseline 0.002 -21"><span class='ocrx_word' id='word_1_114' title='bbox 210 2321 240 2376; x_wconf 83' lang='lat'><strong>15</strong></span> <span class='ocrx_word' id='word_1_115' title='bbox 333 2309 448 2375; x_wconf 86' lang='lat' dir='ltr'><strong>Nullus</strong></span> <span class='ocrx_word' id='word_1_116' title='bbox 471 2309 691 2392; x_wconf 87' lang='lat' dir='ltr'><strong>baccalarius,</strong></span> <span class='ocrx_word' id='word_1_117' title='bbox 719 2311 853 2376; x_wconf 90' lang='lat' dir='ltr'><strong>veniens</strong></span> <span class='ocrx_word' id='word_1_118' title='bbox 873 2310 914 2376; x_wconf 90' lang='lat' dir='ltr'><strong>de</strong></span> <span class='ocrx_word' id='word_1_119' title='bbox 935 2306 1002 2375; x_wconf 87' lang='lat' dir='ltr'><strong>alia</strong></span> <span class='ocrx_word' id='word_1_120' title='bbox 1029 2310 1258 2392; x_wconf 80' lang='lat' dir='ltr'><strong>universitate,</strong></span> <span class='ocrx_word' id='word_1_121' title='bbox 1298 2313 1486 2396; x_wconf 85' lang='lat' dir='ltr'><strong>promoveri</strong></span> <span class='ocrx_word' id='word_1_122' title='bbox 1517 2311 1614 2377; x_wconf 88' lang='lat' dir='ltr'><strong>debet</strong></span> <span class='ocrx_word' id='word_1_123' title='bbox 1633 2311 1673 2377; x_wconf 85' lang='lat' dir='ltr'><strong>ad</strong></span> 
     </span>
     <span class='ocr_line' id='line_1_17' title="bbox 249 2406 1665 2499; baseline 0.003 -26"><span class='ocrx_word' id='word_1_124' title='bbox 249 2408 388 2495; x_wconf 89' lang='lat' dir='ltr'><strong>gradum</strong></span> <span class='ocrx_word' id='word_1_125' title='bbox 410 2406 590 2495; x_wconf 78' lang='lat' dir='ltr'><strong>magisterii</strong></span> <span class='ocrx_word' id='word_1_126' title='bbox 609 2411 644 2474; x_wconf 91' lang='lat' dir='ltr'><strong>in</strong></span> <span class='ocrx_word' id='word_1_127' title='bbox 666 2409 801 2493; x_wconf 90' lang='lat' dir='ltr'><strong>artibus,</strong></span> <span class='ocrx_word' id='word_1_128' title='bbox 823 2412 887 2475; x_wconf 93' lang='lat' dir='ltr'><strong>nisi</strong></span> <span class='ocrx_word' id='word_1_129' title='bbox 906 2411 996 2499; x_wconf 84' lang='lat' dir='ltr'><strong>prius</strong></span> <span class='ocrx_word' id='word_1_130' title='bbox 1019 2411 1144 2474; x_wconf 89' lang='lat' dir='ltr'><strong>steterit</strong></span> <span class='ocrx_word' id='word_1_131' title='bbox 1164 2410 1274 2474; x_wconf 86' lang='lat' dir='ltr'><strong>inista</strong></span> <span class='ocrx_word' id='word_1_132' title='bbox 1291 2410 1504 2476; x_wconf 84' lang='lat' dir='ltr'><strong>universitate</strong></span> <span class='ocrx_word' id='word_1_133' title='bbox 1524 2411 1665 2477; x_wconf 82' lang='lat' dir='ltr'><strong>adminm</strong></span> 
     </span>
     <span class='ocr_line' id='line_1_18' title="bbox 251 2507 1669 2596; baseline 0.002 -23"><span class='ocrx_word' id='word_1_134' title='bbox 251 2531 311 2596; x_wconf 90' lang='lat' dir='ltr'><strong>per</strong></span> <span class='ocrx_word' id='word_1_135' title='bbox 338 2508 508 2573; x_wconf 92' lang='lat' dir='ltr'><strong>dimidium</strong></span> <span class='ocrx_word' id='word_1_136' title='bbox 538 2531 673 2585; x_wconf 89' lang='lat' dir='ltr'><strong>annum,</strong></span> <span class='ocrx_word' id='word_1_137' title='bbox 715 2518 748 2574; x_wconf 90' lang='lat' dir='ltr'><strong>et</strong></span> <span class='ocrx_word' id='word_1_138' title='bbox 784 2508 957 2574; x_wconf 90' lang='lat' dir='ltr'><strong>dummodo</strong></span> <span class='ocrx_word' id='word_1_139' title='bbox 986 2507 1182 2574; x_wconf 90' lang='lat' dir='ltr'><strong>sufficientes</strong></span> <span class='ocrx_word' id='word_1_140' title='bbox 1211 2509 1464 2595; x_wconf 85' lang='lat' dir='ltr'><strong>informaciones</strong></span> <span class='ocrx_word' id='word_1_141' title='bbox 1492 2511 1607 2576; x_wconf 81' lang='lat' dir='ltr'><strong>lecerit</strong></span> <span class='ocrx_word' id='word_1_142' title='bbox 1634 2510 1669 2575; x_wconf 89' lang='lat' dir='ltr'><strong>de</strong></span> 
     </span>
     <span class='ocr_line' id='line_1_19' title="bbox 255 2606 1483 2702; baseline 0.002 -30"><span class='ocrx_word' id='word_1_143' title='bbox 255 2608 419 2673; x_wconf 89' lang='lat' dir='ltr'><strong>auditione</strong></span> <span class='ocrx_word' id='word_1_144' title='bbox 439 2606 596 2690; x_wconf 83' lang='lat' dir='ltr'><strong>librorum</strong></span> <span class='ocrx_word' id='word_1_145' title='bbox 617 2630 678 2694; x_wconf 91' lang='lat' dir='ltr'><strong>pro</strong></span> <span class='ocrx_word' id='word_1_146' title='bbox 700 2608 888 2702; x_wconf 87' lang='lat' dir='ltr'><strong>magisterio</strong></span> <span class='ocrx_word' id='word_1_147' title='bbox 909 2609 943 2672; x_wconf 93' lang='lat' dir='ltr'><strong>in</strong></span> <span class='ocrx_word' id='word_1_148' title='bbox 964 2606 1090 2673; x_wconf 88' lang='lat' dir='ltr'><strong>artibus</strong></span> <span class='ocrx_word' id='word_1_149' title='bbox 1111 2609 1145 2672; x_wconf 92' lang='lat' dir='ltr'><strong>in</strong></span> <span class='ocrx_word' id='word_1_150' title='bbox 1166 2607 1231 2672; x_wconf 87' lang='lat' dir='ltr'><strong>alia</strong></span> <span class='ocrx_word' id='word_1_151' title='bbox 1254 2608 1483 2674; x_wconf 85' lang='lat' dir='ltr'><strong>universitate.¹</strong></span> 
     </span>
    </p>
   </div>
   <div class='ocr_carea' id='block_1_8' title="bbox 210 2769 1657 2952">
    <p class='ocr_par' dir='ltr' id='par_1_12' title="bbox 210 2769 1657 2952">
     <span class='ocr_line' id='line_1_20' title="bbox 270 2769 1657 2862; baseline 0.003 -24"><span class='ocrx_word' id='word_1_152' title='bbox 270 2780 316 2840; x_wconf 86' lang='lat'><strong>15.</strong></span> <span class='ocrx_word' id='word_1_153' title='bbox 340 2769 401 2859; x_wconf 86' lang='lat' dir='ltr'><strong>[Bl.</strong></span> <span class='ocrx_word' id='word_1_154' title='bbox 423 2769 490 2859; x_wconf 78' lang='lat'><strong>21⁸]</strong></span> <span class='ocrx_word' id='word_1_155' title='bbox 511 2791 559 2839; x_wconf 81' lang='lat' dir='ltr'><strong>nn</strong></span> <span class='ocrx_word' id='word_1_156' title='bbox 581 2789 877 2858; x_wconf 79' lang='lat' dir='ltr'><strong>ansrousmnmos</strong></span> <span class='ocrx_word' id='word_1_157' title='bbox 897 2779 1224 2855; x_wconf 74' lang='lat' dir='ltr'><strong>rnonovnunonun,</strong></span> <span class='ocrx_word' id='word_1_158' title='bbox 1247 2792 1320 2839; x_wconf 75' lang='lat' dir='ltr'><strong>ran</strong></span> <span class='ocrx_word' id='word_1_159' title='bbox 1338 2792 1657 2862; x_wconf 76' lang='lat' dir='ltr'><strong>momrmuoonnu</strong></span> 
     </span>
     <span class='ocr_line' id='line_1_21' title="bbox 210 2874 1356 2952; baseline 0.003 -16"><span class='ocrx_word' id='word_1_160' title='bbox 210 2880 245 2936; x_wconf 86' lang='lat'><strong>20</strong></span> <span class='ocrx_word' id='word_1_161' title='bbox 713 2892 808 2952; x_wconf 77' lang='lat' dir='ltr'><strong>oum</strong></span> <span class='ocrx_word' id='word_1_162' title='bbox 831 2875 1219 2939; x_wconf 73' lang='lat' dir='ltr'><strong>nscosanruarmonou¹</strong></span> <span class='ocrx_word' id='word_1_163' title='bbox 1334 2874 1356 2912; x_wconf 80' lang='lat'><strong>·&#39;</strong></span> 
     </span>
    </p>
   </div>
   <div class='ocr_carea' id='block_1_9' title="bbox 214 3001 1683 4085">
    <p class='ocr_par' dir='ltr' id='par_1_13' title="bbox 254 3001 1672 3392">
     <span class='ocr_line' id='line_1_22' title="bbox 337 3001 1671 3092; baseline 0.002 -24"><span class='ocrx_word' id='word_1_164' title='bbox 337 3001 451 3069; x_wconf 90' lang='lat' dir='ltr'><strong>Nullus</strong></span> <span class='ocrx_word' id='word_1_165' title='bbox 475 3005 664 3069; x_wconf 87' lang='lat' dir='ltr'><strong>admittatur</strong></span> <span class='ocrx_word' id='word_1_166' title='bbox 686 3005 729 3070; x_wconf 94' lang='lat' dir='ltr'><strong>ad</strong></span> <span class='ocrx_word' id='word_1_167' title='bbox 748 3014 949 3092; x_wconf 89' lang='lat' dir='ltr'><strong>temptamen</strong></span> <span class='ocrx_word' id='word_1_168' title='bbox 970 3028 1031 3092; x_wconf 88' lang='lat' dir='ltr'><strong>pro</strong></span> <span class='ocrx_word' id='word_1_169' title='bbox 1061 3004 1168 3090; x_wconf 88' lang='lat' dir='ltr'><strong>gradu</strong></span> <span class='ocrx_word' id='word_1_170' title='bbox 1189 3007 1370 3091; x_wconf 89' lang='lat' dir='ltr'><strong>magisterii</strong></span> <span class='ocrx_word' id='word_1_171' title='bbox 1398 3008 1432 3071; x_wconf 91' lang='lat' dir='ltr'><strong>in</strong></span> <span class='ocrx_word' id='word_1_172' title='bbox 1455 3008 1592 3091; x_wconf 89' lang='lat' dir='ltr'><strong>artibus,</strong></span> <span class='ocrx_word' id='word_1_173' title='bbox 1617 3009 1671 3073; x_wconf 90' lang='lat' dir='ltr'><strong>nisi</strong></span> 
     </span>
     <span class='ocr_line' id='line_1_23' title="bbox 254 3102 1671 3195; baseline 0.003 -27"><span class='ocrx_word' id='word_1_174' title='bbox 254 3103 297 3169; x_wconf 90' lang='lat' dir='ltr'><strong>ad</strong></span> <span class='ocrx_word' id='word_1_175' title='bbox 319 3105 425 3168; x_wconf 89' lang='lat' dir='ltr'><strong>minus</strong></span> <span class='ocrx_word' id='word_1_176' title='bbox 448 3114 561 3189; x_wconf 89' lang='lat' dir='ltr'><strong>quater</strong></span> <span class='ocrx_word' id='word_1_177' title='bbox 583 3102 626 3167; x_wconf 89' lang='lat' dir='ltr'><strong>ad</strong></span> <span class='ocrx_word' id='word_1_178' title='bbox 647 3114 758 3191; x_wconf 88' lang='lat' dir='ltr'><strong>partes</strong></span> <span class='ocrx_word' id='word_1_179' title='bbox 778 3103 977 3191; x_wconf 84' lang='lat' dir='ltr'><strong>principales</strong></span> <span class='ocrx_word' id='word_1_180' title='bbox 1005 3113 1036 3169; x_wconf 91' lang='lat' dir='ltr'><strong>et</strong></span> <span class='ocrx_word' id='word_1_181' title='bbox 1063 3103 1113 3168; x_wconf 91' lang='lat' dir='ltr'><strong>bis</strong></span> <span class='ocrx_word' id='word_1_182' title='bbox 1141 3103 1185 3168; x_wconf 89' lang='lat' dir='ltr'><strong>ad</strong></span> <span class='ocrx_word' id='word_1_183' title='bbox 1211 3115 1323 3191; x_wconf 91' lang='lat' dir='ltr'><strong>partes</strong></span> <span class='ocrx_word' id='word_1_184' title='bbox 1348 3107 1456 3171; x_wconf 89' lang='lat' dir='ltr'><strong>minus</strong></span> <span class='ocrx_word' id='word_1_185' title='bbox 1483 3107 1671 3195; x_wconf 82' lang='lat' dir='ltr'><strong>principales</strong></span> 
     </span>
     <span class='ocr_line' id='line_1_24' title="bbox 255 3195 1672 3293; baseline 0.001 -25"><span class='ocrx_word' id='word_1_186' title='bbox 255 3202 419 3269; x_wconf 89' lang='lat' dir='ltr'><strong>ordinarie</strong></span> <span class='ocrx_word' id='word_1_187' title='bbox 441 3212 473 3267; x_wconf 92' lang='lat' dir='ltr'><strong>et</strong></span> <span class='ocrx_word' id='word_1_188' title='bbox 493 3201 627 3267; x_wconf 90' lang='lat' dir='ltr'><strong>totidem</strong></span> <span class='ocrx_word' id='word_1_189' title='bbox 649 3202 911 3271; x_wconf 85' lang='lat' dir='ltr'><strong>extraordinarie</strong></span> <span class='ocrx_word' id='word_1_190' title='bbox 932 3203 1107 3289; x_wconf 86' lang='lat' dir='ltr'><strong>magistris,</strong></span> <span class='ocrx_word' id='word_1_191' title='bbox 1138 3225 1160 3266; x_wconf 91' lang='lat' dir='ltr'><strong>a</strong></span> <span class='ocrx_word' id='word_1_192' title='bbox 1184 3195 1301 3289; x_wconf 89' lang='lat' dir='ltr'><strong>quibus</strong></span> <span class='ocrx_word' id='word_1_193' title='bbox 1329 3202 1403 3270; x_wconf 88' lang='lat' dir='ltr'><strong>talis</strong></span> <span class='ocrx_word' id='word_1_194' title='bbox 1426 3208 1598 3293; x_wconf 84' lang='lat' dir='ltr'><strong>responsio</strong></span> <span class='ocrx_word' id='word_1_195' title='bbox 1618 3205 1672 3271; x_wconf 89' lang='lat' dir='ltr'><strong>sibi</strong></span> 
     </span>
     <span class='ocr_line' id='line_1_25' title="bbox 256 3285 1670 3392; baseline 0.001 -25"><span class='ocrx_word' id='word_1_196' title='bbox 256 3305 424 3388; x_wconf 88' lang='lat' dir='ltr'><strong>assignata</strong></span> <span class='ocrx_word' id='word_1_197' title='bbox 444 3303 556 3384; x_wconf 86' lang='lat' dir='ltr'><strong>fucrit,</strong></span> <span class='ocrx_word' id='word_1_198' title='bbox 582 3285 876 3389; x_wconf 49' lang='lat' dir='ltr'><strong>responderitsita</strong></span> <span class='ocrx_word' id='word_1_199' title='bbox 896 3301 985 3387; x_wconf 90' lang='lat' dir='ltr'><strong>quod</strong></span> <span class='ocrx_word' id='word_1_200' title='bbox 1005 3325 1025 3366; x_wconf 92' lang='lat' dir='ltr'><strong>a</strong></span> <span class='ocrx_word' id='word_1_201' title='bbox 1046 3302 1208 3389; x_wconf 87' lang='lat' dir='ltr'><strong>principio</strong></span> <span class='ocrx_word' id='word_1_202' title='bbox 1230 3325 1334 3390; x_wconf 89' lang='lat' dir='ltr'><strong>usque</strong></span> <span class='ocrx_word' id='word_1_203' title='bbox 1354 3303 1398 3367; x_wconf 89' lang='lat' dir='ltr'><strong>ad</strong></span> <span class='ocrx_word' id='word_1_204' title='bbox 1418 3302 1518 3370; x_wconf 88' lang='lat' dir='ltr'><strong>finem</strong></span> <span class='ocrx_word' id='word_1_205' title='bbox 1540 3306 1670 3392; x_wconf 87' lang='lat' dir='ltr'><strong>disputa·</strong></span> 
     </span>
    </p>

    <p class='ocr_par' dir='ltr' id='par_1_14' title="bbox 214 3392 1683 4085">
     <span class='ocr_line' id='line_1_26' title="bbox 214 3392 1683 3487; baseline 0.002 -20"><span class='ocrx_word' id='word_1_206' title='bbox 214 3403 358 3468; x_wconf 70' lang='lat' dir='ltr'><strong>ttcionis</strong></span> <span class='ocrx_word' id='word_1_207' title='bbox 386 3401 506 3466; x_wconf 92' lang='lat' dir='ltr'><strong>ibidem</strong></span> <span class='ocrx_word' id='word_1_208' title='bbox 535 3402 766 3487; x_wconf 89' lang='lat' dir='ltr'><strong>permanserit,</strong></span> <span class='ocrx_word' id='word_1_209' title='bbox 794 3401 863 3466; x_wconf 90' lang='lat' dir='ltr'><strong>sine</strong></span> <span class='ocrx_word' id='word_1_210' title='bbox 892 3424 990 3469; x_wconf 90' lang='lat' dir='ltr'><strong>causa</strong></span> <span class='ocrx_word' id='word_1_211' title='bbox 1016 3392 1209 3466; x_wconf 88' lang='lat' dir='ltr'><strong>racionabili</strong></span> <span class='ocrx_word' id='word_1_212' title='bbox 1235 3424 1301 3466; x_wconf 90' lang='lat' dir='ltr'><strong>non</strong></span> <span class='ocrx_word' id='word_1_213' title='bbox 1326 3402 1521 3470; x_wconf 89' lang='lat' dir='ltr'><strong>recedendo.</strong></span> <span class='ocrx_word' id='word_1_214' title='bbox 1562 3405 1683 3480; x_wconf 85' lang='lat' dir='ltr'><strong>Bacca·¹</strong></span> 
     </span>
     <span class='ocr_line' id='line_1_27' title="bbox 256 3499 1671 3591; baseline 0.001 -24"><span class='ocrx_word' id='word_1_215' title='bbox 256 3500 423 3567; x_wconf 90' lang='lat' dir='ltr'><strong>lariandus</strong></span> <span class='ocrx_word' id='word_1_216' title='bbox 452 3523 530 3566; x_wconf 91' lang='lat' dir='ltr'><strong>vcro</strong></span> <span class='ocrx_word' id='word_1_217' title='bbox 561 3499 612 3564; x_wconf 93' lang='lat' dir='ltr'><strong>bis</strong></span> <span class='ocrx_word' id='word_1_218' title='bbox 640 3500 813 3589; x_wconf 20' lang='lat' dir='ltr'><strong>magistris!</strong></span> <span class='ocrx_word' id='word_1_219' title='bbox 837 3510 868 3564; x_wconf 91' lang='lat' dir='ltr'><strong>et</strong></span> <span class='ocrx_word' id='word_1_220' title='bbox 897 3504 1020 3566; x_wconf 88' lang='lat' dir='ltr'><strong>tociens</strong></span> <span class='ocrx_word' id='word_1_221' title='bbox 1049 3499 1244 3566; x_wconf 86' lang='lat' dir='ltr'><strong>baccalariis</strong></span> <span class='ocrx_word' id='word_1_222' title='bbox 1272 3500 1315 3565; x_wconf 89' lang='lat' dir='ltr'><strong>ad</strong></span> <span class='ocrx_word' id='word_1_223' title='bbox 1344 3511 1456 3587; x_wconf 89' lang='lat' dir='ltr'><strong>partes</strong></span> <span class='ocrx_word' id='word_1_224' title='bbox 1486 3504 1671 3591; x_wconf 87' lang='lat' dir='ltr'><strong>principales</strong></span> 
     </span>
     <span class='ocr_line' id='line_1_28' title="bbox 258 3598 1671 3689; baseline 0.001 -24"><span class='ocrx_word' id='word_1_225' title='bbox 258 3598 376 3665; x_wconf 91' lang='lat' dir='ltr'><strong>debeat</strong></span> <span class='ocrx_word' id='word_1_226' title='bbox 397 3598 615 3686; x_wconf 86' lang='lat' dir='ltr'><strong>respondisse,</strong></span> <span class='ocrx_word' id='word_1_227' title='bbox 643 3599 686 3663; x_wconf 89' lang='lat' dir='ltr'><strong>ad</strong></span> <span class='ocrx_word' id='word_1_228' title='bbox 714 3609 824 3685; x_wconf 88' lang='lat' dir='ltr'><strong>partes</strong></span> <span class='ocrx_word' id='word_1_229' title='bbox 852 3610 959 3664; x_wconf 87' lang='lat' dir='ltr'><strong>autem</strong></span> <span class='ocrx_word' id='word_1_230' title='bbox 981 3601 1087 3663; x_wconf 91' lang='lat' dir='ltr'><strong>minus</strong></span> <span class='ocrx_word' id='word_1_231' title='bbox 1109 3598 1307 3686; x_wconf 85' lang='lat' dir='ltr'><strong>principales</strong></span> <span class='ocrx_word' id='word_1_232' title='bbox 1328 3610 1444 3686; x_wconf 85' lang='lat' dir='ltr'><strong>quater</strong></span> <span class='ocrx_word' id='word_1_233' title='bbox 1464 3604 1628 3689; x_wconf 85' lang='lat' dir='ltr'><strong>magistris</strong></span> <span class='ocrx_word' id='word_1_234' title='bbox 1646 3611 1671 3666; x_wconf 84' lang='lat' dir='ltr'><strong>et</strong></span> 
     </span>
     <span class='ocr_line' id='line_1_29' title="bbox 259 3696 1670 3786; baseline 0.004 -23"><span class='ocrx_word' id='word_1_235' title='bbox 259 3708 373 3786; x_wconf 90' lang='lat' dir='ltr'><strong>qnater</strong></span> <span class='ocrx_word' id='word_1_236' title='bbox 396 3698 589 3763; x_wconf 87' lang='lat' dir='ltr'><strong>baccalariis</strong></span> <span class='ocrx_word' id='word_1_237' title='bbox 610 3706 737 3762; x_wconf 88' lang='lat' dir='ltr'><strong>tenetur</strong></span> <span class='ocrx_word' id='word_1_238' title='bbox 762 3708 794 3762; x_wconf 91' lang='lat' dir='ltr'><strong>et</strong></span> <span class='ocrx_word' id='word_1_239' title='bbox 820 3696 916 3763; x_wconf 88' lang='lat' dir='ltr'><strong>debet</strong></span> <span class='ocrx_word' id='word_1_240' title='bbox 941 3697 1164 3783; x_wconf 72' lang='lat' dir='ltr'><strong>respondisse,</strong></span> <span class='ocrx_word' id='word_1_241' title='bbox 1193 3698 1275 3764; x_wconf 87' lang='lat' dir='ltr'><strong>alias</strong></span> <span class='ocrx_word' id='word_1_242' title='bbox 1302 3698 1346 3763; x_wconf 90' lang='lat' dir='ltr'><strong>ad</strong></span> <span class='ocrx_word' id='word_1_243' title='bbox 1372 3721 1512 3766; x_wconf 85' lang='lat' dir='ltr'><strong>examen</strong></span> <span class='ocrx_word' id='word_1_244' title='bbox 1536 3727 1600 3767; x_wconf 90' lang='lat' dir='ltr'><strong>non</strong></span> <span class='ocrx_word' id='word_1_245' title='bbox 1626 3702 1670 3767; x_wconf 90' lang='lat' dir='ltr'><strong>ad·</strong></span> 
     </span>
     <span class='ocr_line' id='line_1_30' title="bbox 260 3795 1669 3885; baseline 0.004 -23"><span class='ocrx_word' id='word_1_246' title='bbox 260 3801 414 3863; x_wconf 88' lang='lat' dir='ltr'><strong>mittatur.</strong></span> <span class='ocrx_word' id='word_1_247' title='bbox 456 3796 500 3863; x_wconf 84' lang='lat' dir='ltr'><strong>Et</strong></span> <span class='ocrx_word' id='word_1_248' title='bbox 527 3795 630 3861; x_wconf 81' lang='lat' dir='ltr'><strong>idem²</strong></span> <span class='ocrx_word' id='word_1_249' title='bbox 656 3795 890 3882; x_wconf 89' lang='lat' dir='ltr'><strong>respondentes</strong></span> <span class='ocrx_word' id='word_1_250' title='bbox 916 3808 1068 3861; x_wconf 87' lang='lat' dir='ltr'><strong>maneant</strong></span> <span class='ocrx_word' id='word_1_251' title='bbox 1090 3819 1110 3861; x_wconf 94' lang='lat' dir='ltr'><strong>a</strong></span> <span class='ocrx_word' id='word_1_252' title='bbox 1131 3799 1290 3884; x_wconf 90' lang='lat' dir='ltr'><strong>principio</strong></span> <span class='ocrx_word' id='word_1_253' title='bbox 1313 3821 1416 3885; x_wconf 88' lang='lat' dir='ltr'><strong>usque</strong></span> <span class='ocrx_word' id='word_1_254' title='bbox 1438 3799 1482 3864; x_wconf 91' lang='lat' dir='ltr'><strong>ad</strong></span> <span class='ocrx_word' id='word_1_255' title='bbox 1503 3801 1599 3866; x_wconf 88' lang='lat' dir='ltr'><strong>finem</strong></span> <span class='ocrx_word' id='word_1_256' title='bbox 1619 3801 1669 3866; x_wconf 88' lang='lat' dir='ltr'><strong>dis·</strong></span> 
     </span>
     <span class='ocr_line' id='line_1_31' title="bbox 217 3896 1669 3984; baseline 0 -21"><span class='ocrx_word' id='word_1_257' title='bbox 217 3898 455 3984; x_wconf 85' lang='lat' dir='ltr'><strong>30putaoionis,</strong></span> <span class='ocrx_word' id='word_1_258' title='bbox 487 3898 555 3960; x_wconf 91' lang='lat' dir='ltr'><strong>sine</strong></span> <span class='ocrx_word' id='word_1_259' title='bbox 577 3918 677 3960; x_wconf 90' lang='lat' dir='ltr'><strong>causa</strong></span> <span class='ocrx_word' id='word_1_260' title='bbox 704 3896 896 3961; x_wconf 86' lang='lat' dir='ltr'><strong>racionabili</strong></span> <span class='ocrx_word' id='word_1_261' title='bbox 917 3918 982 3961; x_wconf 90' lang='lat' dir='ltr'><strong>non</strong></span> <span class='ocrx_word' id='word_1_262' title='bbox 1003 3896 1192 3962; x_wconf 90' lang='lat' dir='ltr'><strong>recedendo.</strong></span> <span class='ocrx_word' id='word_1_263' title='bbox 1233 3898 1298 3978; x_wconf 74' lang='lat' dir='ltr'><strong>Qui</strong></span> <span class='ocrx_word' id='word_1_264' title='bbox 1327 3900 1354 3963; x_wconf 91' lang='lat' dir='ltr'><strong>si</strong></span> <span class='ocrx_word' id='word_1_265' title='bbox 1383 3898 1536 3965; x_wconf 87' lang='lat' dir='ltr'><strong>absentes</strong></span> <span class='ocrx_word' id='word_1_266' title='bbox 1556 3902 1669 3979; x_wconf 78' lang='lat' dir='ltr'><strong>liserint,</strong></span> 
     </span>
     <span class='ocr_line' id='line_1_32' title="bbox 262 3994 1670 4085; baseline 0.001 -25"><span class='ocrx_word' id='word_1_267' title='bbox 262 3994 436 4060; x_wconf 90' lang='lat' dir='ltr'><strong>dummodo</strong></span> <span class='ocrx_word' id='word_1_268' title='bbox 470 3997 517 4060; x_wconf 91' lang='lat' dir='ltr'><strong>eis</strong></span> <span class='ocrx_word' id='word_1_269' title='bbox 545 3997 693 4080; x_wconf 85' lang='lat' dir='ltr'><strong>arguitur</strong></span> <span class='ocrx_word' id='word_1_270' title='bbox 720 3995 773 4059; x_wconf 91' lang='lat' dir='ltr'><strong>vel</strong></span> <span class='ocrx_word' id='word_1_271' title='bbox 805 4006 1030 4081; x_wconf 88' lang='lat' dir='ltr'><strong>argumentum</strong></span> <span class='ocrx_word' id='word_1_272' title='bbox 1061 3998 1264 4084; x_wconf 89' lang='lat' dir='ltr'><strong>proponitur,</strong></span> <span class='ocrx_word' id='word_1_273' title='bbox 1296 4000 1468 4085; x_wconf 90' lang='lat' dir='ltr'><strong>responsio</strong></span> <span class='ocrx_word' id='word_1_274' title='bbox 1497 4000 1587 4084; x_wconf 85' lang='lat' dir='ltr'><strong>talis,</strong></span> <span class='ocrx_word' id='word_1_275' title='bbox 1614 4001 1670 4064; x_wconf 85' lang='lat' dir='ltr'><strong>sive</strong></span> 
     </span>
    </p>
   </div>
   <div class='ocr_carea' id='block_1_10' title="bbox 263 4093 1447 4184">
    <p class='ocr_par' dir='ltr' id='par_1_15' title="bbox 263 4093 1447 4184">
     <span class='ocr_line' id='line_1_33' title="bbox 263 4093 1447 4184; baseline 0.002 -24"><span class='ocrx_word' id='word_1_276' title='bbox 263 4093 456 4182; x_wconf 89' lang='lat' dir='ltr'><strong>principalis</strong></span> <span class='ocrx_word' id='word_1_277' title='bbox 479 4095 547 4159; x_wconf 89' lang='lat' dir='ltr'><strong>sive</strong></span> <span class='ocrx_word' id='word_1_278' title='bbox 567 4095 674 4159; x_wconf 89' lang='lat' dir='ltr'><strong>minus</strong></span> <span class='ocrx_word' id='word_1_279' title='bbox 694 4094 885 4181; x_wconf 87' lang='lat' dir='ltr'><strong>principalis</strong></span> <span class='ocrx_word' id='word_1_280' title='bbox 906 4096 1011 4177; x_wconf 83' lang='lat' dir='ltr'><strong>fuerit,</strong></span> <span class='ocrx_word' id='word_1_281' title='bbox 1033 4118 1102 4160; x_wconf 88' lang='lat' dir='ltr'><strong>non</strong></span> <span class='ocrx_word' id='word_1_282' title='bbox 1117 4095 1235 4162; x_wconf 88' lang='lat' dir='ltr'><strong>debeat</strong></span> <span class='ocrx_word' id='word_1_283' title='bbox 1255 4100 1447 4184; x_wconf 87' lang='lat' dir='ltr'><strong>computari.</strong></span> 
     </span>
    </p>
   </div>
   <div class='ocr_carea' id='block_1_11' title="bbox 320 4259 1626 4443">
    <p class='ocr_par' dir='ltr' id='par_1_16' title="bbox 320 4259 1626 4443">
     <span class='ocr_line' id='line_1_34' title="bbox 320 4259 1626 4360; baseline 0.004 -16"><span class='ocrx_word' id='word_1_284' title='bbox 320 4285 367 4346; x_wconf 86' lang='grc'><strong>16.</strong></span> <span class='ocrx_word' id='word_1_285' title='bbox 392 4294 440 4343; x_wconf 77' lang='grc' dir='ltr'><strong>ΒΕ</strong></span> <span class='ocrx_word' id='word_1_286' title='bbox 461 4295 605 4343; x_wconf 75' lang='lat' dir='ltr'><strong>NUMEBO</strong></span> <span class='ocrx_word' id='word_1_287' title='bbox 626 4296 920 4360; x_wconf 73' lang='lat' dir='ltr'><strong>Dlsruraclonurr,</strong></span> <span class='ocrx_word' id='word_1_288' title='bbox 942 4297 978 4343; x_wconf 81' lang='lat' dir='ltr'><strong>IN</strong></span> <span class='ocrx_word' id='word_1_289' title='bbox 1001 4296 1125 4356; x_wconf 77' lang='lat' dir='ltr'><strong>QUIBUS</strong></span> <span class='ocrx_word' id='word_1_290' title='bbox 1146 4259 1422 4346; x_wconf 69' lang='lat' dir='ltr'><strong>Baccanaamsnl</strong></span> <span class='ocrx_word' id='word_1_291' title='bbox 1445 4300 1626 4349; x_wconf 68' lang='lat' dir='ltr'><strong>Tmarus</strong></span> 
     </span>
     <span class='ocr_line' id='line_1_35' title="bbox 866 4394 1082 4443; baseline -0.005 -1"><span class='ocrx_word' id='word_1_292' title='bbox 866 4394 1082 4443; x_wconf 75' lang='lat' dir='ltr'><strong>COMPARERE.</strong></span> 
     </span>
    </p>
   </div>
   <div class='ocr_carea' id='block_1_12' title="bbox 220 4487 1667 4796">
    <p class='ocr_par' dir='ltr' id='par_1_17' title="bbox 220 4487 1667 4796">
     <span class='ocr_line' id='line_1_36' title="bbox 220 4487 1667 4597; baseline -0.001 -21"><span class='ocrx_word' id='word_1_293' title='bbox 220 4522 254 4576; x_wconf 83' lang='grc'><strong>35</strong></span> <span class='ocrx_word' id='word_1_294' title='bbox 348 4509 463 4575; x_wconf 91' lang='lat' dir='ltr'><strong>Nullus</strong></span> <span class='ocrx_word' id='word_1_295' title='bbox 486 4511 529 4576; x_wconf 90' lang='lat' dir='ltr'><strong>ad</strong></span> <span class='ocrx_word' id='word_1_296' title='bbox 559 4533 696 4576; x_wconf 83' lang='lat' dir='ltr'><strong>examen</strong></span> <span class='ocrx_word' id='word_1_297' title='bbox 724 4533 783 4597; x_wconf 91' lang='lat' dir='ltr'><strong>pro</strong></span> <span class='ocrx_word' id='word_1_298' title='bbox 810 4508 916 4596; x_wconf 87' lang='lat' dir='ltr'><strong>gradu</strong></span> <span class='ocrx_word' id='word_1_299' title='bbox 936 4487 1174 4575; x_wconf 84' lang='lat' dir='ltr'><strong>baccalariatus</strong></span> <span class='ocrx_word' id='word_1_300' title='bbox 1195 4512 1228 4575; x_wconf 91' lang='lat' dir='ltr'><strong>in</strong></span> <span class='ocrx_word' id='word_1_301' title='bbox 1252 4510 1377 4577; x_wconf 88' lang='lat' dir='ltr'><strong>artibus</strong></span> <span class='ocrx_word' id='word_1_302' title='bbox 1399 4512 1596 4596; x_wconf 85' lang='lat' dir='ltr'><strong>admittatur,</strong></span> <span class='ocrx_word' id='word_1_303' title='bbox 1618 4512 1667 4575; x_wconf 90' lang='lat' dir='ltr'><strong>nisi</strong></span> 
     </span>
     <span class='ocr_line' id='line_1_37' title="bbox 264 4608 1665 4696; baseline 0.001 -23"><span class='ocrx_word' id='word_1_304' title='bbox 264 4613 298 4673; x_wconf 92' lang='lat' dir='ltr'><strong>in</strong></span> <span class='ocrx_word' id='word_1_305' title='bbox 325 4611 528 4674; x_wconf 88' lang='lat' dir='ltr'><strong>consciencia</strong></span> <span class='ocrx_word' id='word_1_306' title='bbox 555 4632 614 4674; x_wconf 92' lang='lat' dir='ltr'><strong>sua</strong></span> <span class='ocrx_word' id='word_1_307' title='bbox 641 4610 743 4691; x_wconf 91' lang='lat' dir='ltr'><strong>dicat,</strong></span> <span class='ocrx_word' id='word_1_308' title='bbox 773 4608 859 4695; x_wconf 91' lang='lat' dir='ltr'><strong>quod</strong></span> <span class='ocrx_word' id='word_1_309' title='bbox 887 4610 922 4672; x_wconf 91' lang='lat' dir='ltr'><strong>in</strong></span> <span class='ocrx_word' id='word_1_310' title='bbox 949 4610 1084 4695; x_wconf 88' lang='lat' dir='ltr'><strong>triginta</strong></span> <span class='ocrx_word' id='word_1_311' title='bbox 1114 4610 1390 4696; x_wconf 90' lang='lat' dir='ltr'><strong>disputacionibus</strong></span> <span class='ocrx_word' id='word_1_312' title='bbox 1421 4612 1592 4678; x_wconf 88' lang='lat' dir='ltr'><strong>ordinariis</strong></span> <span class='ocrx_word' id='word_1_313' title='bbox 1614 4621 1665 4675; x_wconf 83' lang='lat' dir='ltr'><strong>uu</strong></span> 
     </span>
     <span class='ocr_line' id='line_1_38' title="bbox 266 4706 1665 4796; baseline 0.001 -25"><span class='ocrx_word' id='word_1_314' title='bbox 266 4711 498 4794; x_wconf 88' lang='lat' dir='ltr'><strong>magistrorum</strong></span> <span class='ocrx_word' id='word_1_315' title='bbox 528 4729 625 4793; x_wconf 88' lang='lat' dir='ltr'><strong>quam</strong></span> <span class='ocrx_word' id='word_1_316' title='bbox 656 4706 915 4773; x_wconf 86' lang='lat' dir='ltr'><strong>baccalariorum</strong></span> <span class='ocrx_word' id='word_1_317' title='bbox 942 4731 1098 4796; x_wconf 89' lang='lat' dir='ltr'><strong>praesens</strong></span> <span class='ocrx_word' id='word_1_318' title='bbox 1129 4709 1240 4792; x_wconf 80' lang='lat' dir='ltr'><strong>fuerit,</strong></span> <span class='ocrx_word' id='word_1_319' title='bbox 1272 4720 1338 4775; x_wconf 85' lang='lat' dir='ltr'><strong>tam</strong></span> <span class='ocrx_word' id='word_1_320' title='bbox 1368 4710 1425 4777; x_wconf 91' lang='lat' dir='ltr'><strong>diu</strong></span> <span class='ocrx_word' id='word_1_321' title='bbox 1457 4712 1560 4778; x_wconf 89' lang='lat' dir='ltr'><strong>donec</strong></span> <span class='ocrx_word' id='word_1_322' title='bbox 1586 4709 1665 4776; x_wconf 90' lang='lat' dir='ltr'><strong>admi·</strong></span> 
     </span>
    </p>
   </div>
   <div class='ocr_carea' id='block_1_13' title="bbox 268 4973 1665 5212">
    <p class='ocr_par' dir='ltr' id='par_1_18' title="bbox 268 4973 1665 5212">
     <span class='ocr_line' id='line_1_39' title="bbox 353 4973 1149 5042; baseline 0.003 -14"><span class='ocrx_word' id='word_1_323' title='bbox 353 4981 363 5028; x_wconf 84' lang='lat'><strong>¹</strong></span> <span class='ocrx_word' id='word_1_324' title='bbox 382 4974 437 5028; x_wconf 88' lang='lat' dir='ltr'><strong>Am</strong></span> <span class='ocrx_word' id='word_1_325' title='bbox 455 4973 566 5028; x_wconf 85' lang='lat' dir='ltr'><strong>Raude:</strong></span> <span class='ocrx_word' id='word_1_326' title='bbox 589 4973 711 5042; x_wconf 71' lang='lat' dir='ltr'><strong>Lapatrtr</strong></span> <span class='ocrx_word' id='word_1_327' title='bbox 725 4977 828 5025; x_wconf 73' lang='lat' dir='ltr'><strong>sectum</strong></span> <span class='ocrx_word' id='word_1_328' title='bbox 845 4989 933 5030; x_wconf 75' lang='lat' dir='ltr'><strong>aevae</strong></span> <span class='ocrx_word' id='word_1_329' title='bbox 951 4974 1149 5031; x_wconf 72' lang='lat' dir='ltr'><strong>ordinacionis.</strong></span> 
     </span>
     <span class='ocr_line' id='line_1_40' title="bbox 352 5053 1665 5136; baseline 0.002 -26"><span class='ocrx_word' id='word_1_330' title='bbox 352 5061 367 5110; x_wconf 81' lang='lat'>2</span> <span class='ocrx_word' id='word_1_331' title='bbox 385 5055 513 5129; x_wconf 79' lang='lat' dir='ltr'><strong>Anfaugs</strong></span> <span class='ocrx_word' id='word_1_332' title='bbox 530 5076 587 5112; x_wconf 83' lang='lat' dir='ltr'><strong>war</strong></span> <span class='ocrx_word' id='word_1_333' title='bbox 603 5059 681 5126; x_wconf 77' lang='lat' dir='ltr'><strong>ydem</strong></span> <span class='ocrx_word' id='word_1_334' title='bbox 698 5053 885 5127; x_wconf 83' lang='lat' dir='ltr'><strong>geschrieben‚</strong></span> <span class='ocrx_word' id='word_1_335' title='bbox 904 5074 960 5111; x_wconf 81' lang='lat' dir='ltr'><strong>was</strong></span> <span class='ocrx_word' id='word_1_336' title='bbox 977 5058 1006 5112; x_wconf 91' lang='lat' dir='ltr'><strong>in</strong></span> <span class='ocrx_word' id='word_1_337' title='bbox 1027 5060 1098 5112; x_wconf 73' lang='lat' dir='ltr'><strong>idern</strong></span> <span class='ocrx_word' id='word_1_338' title='bbox 1115 5058 1260 5128; x_wconf 82' lang='lat' dir='ltr'><strong>corrigicrt</strong></span> <span class='ocrx_word' id='word_1_339' title='bbox 1279 5058 1324 5114; x_wconf 84' lang='lat' dir='ltr'><strong>ist.</strong></span> <span class='ocrx_word' id='word_1_340' title='bbox 1351 5060 1434 5116; x_wconf 85' lang='lat' dir='ltr'><strong>Auch</strong></span> <span class='ocrx_word' id='word_1_341' title='bbox 1451 5067 1544 5134; x_wconf 72' lang='lat' dir='ltr'><strong>spate:</strong></span> <span class='ocrx_word' id='word_1_342' title='bbox 1561 5063 1619 5136; x_wconf 65' lang='grc' dir='ltr'><strong>(νεὶ</strong></span> <span class='ocrx_word' id='word_1_343' title='bbox 1630 5059 1665 5113; x_wconf 81' lang='lat' dir='ltr'><strong>die</strong></span> 
     </span>
     <span class='ocr_line' id='line_1_41' title="bbox 268 5139 1436 5212; baseline 0.005 -16"><span class='ocrx_word' id='word_1_344' title='bbox 268 5139 400 5196; x_wconf 73' lang='lat' dir='ltr'><strong>Statuas</strong></span> <span class='ocrx_word' id='word_1_345' title='bbox 417 5158 471 5195; x_wconf 80' lang='lat' dir='ltr'><strong>von</strong></span> <span class='ocrx_word' id='word_1_346' title='bbox 491 5148 566 5212; x_wconf 79' lang='lat' dir='ltr'><strong>reor,</strong></span> <span class='ocrx_word' id='word_1_347' title='bbox 583 5149 598 5209; x_wconf 74' lang='lat' dir='ltr'><strong>s</strong></span> <span class='ocrx_word' id='word_1_348' title='bbox 617 5141 660 5212; x_wconf 79' lang='lat'><strong>14)</strong></span> <span class='ocrx_word' id='word_1_349' title='bbox 678 5141 715 5194; x_wconf 75' lang='lat' dir='ltr'><strong>iss</strong></span> <span class='ocrx_word' id='word_1_350' title='bbox 732 5142 803 5195; x_wconf 75' lang='lat' dir='ltr'><strong>idem</strong></span> <span class='ocrx_word' id='word_1_351' title='bbox 818 5140 1005 5211; x_wconf 79' lang='lat' dir='ltr'><strong>geschrieben.</strong></span> <span class='ocrx_word' id='word_1_352' title='bbox 1042 5141 1128 5197; x_wconf 70' lang='lat' dir='ltr'><strong>Solle</strong></span> <span class='ocrx_word' id='word_1_353' title='bbox 1143 5159 1173 5197; x_wconf 77' lang='lat' dir='ltr'><strong>es</strong></span> <span class='ocrx_word' id='word_1_354' title='bbox 1189 5142 1289 5198; x_wconf 65' lang='lat' dir='ltr'><strong>iadau</strong></span> <span class='ocrx_word' id='word_1_355' title='bbox 1300 5143 1436 5202; x_wconf 62' lang='lat' dir='ltr'><strong>vheirsen&#39;?</strong></span> 
     </span>
    </p>
   </div>
   <div class='ocr_carea' id='block_1_14' title="bbox 0 0 1882 6149">
    <p class='ocr_par' dir='ltr' id='par_1_19' title="bbox 0 0 1882 6149">
     <span class='ocr_line' id='line_1_42' title="bbox 0 0 1882 6149; baseline 0 0"><span class='ocrx_word' id='word_1_356' title='bbox 0 0 1882 6149; x_wconf 95' lang='lat' dir='ltr'><strong> </strong></span> 
     </span>
    </p>
   </div>
  </div>
 </body>
</html>
