3756 6158
244 484 285 548 60
722 489 771 538 Dte
790 490 908 542 satureo
926 508 987 543 vom
1009 492 1092 542 Jahn
1111 495 1175 541 ruo

244 665 369 731 cialiter
389 666 433 733 ad
453 666 515 733 hoc
536 668 640 752 facta,
667 681 702 735 ut
721 671 915 757 quibusdam
935 672 1172 754 criminalibus,
1202 681 1337 760 propter
1358 694 1441 759 quae
1462 673 1662 739 universitas

247 789 344 854 saepe
365 776 414 833 est
435 769 622 853 inquietata,
645 782 799 861 quantum
818 772 890 837 fieri
911 775 1030 860 poterit
1050 772 1255 862 aliquatenus
1276 771 1434 856 obvietur,
1455 771 1662 838 concorditer

246 888 305 953 per
325 889 435 933 omnes
456 869 610 935 naciones
632 871 816 937 conclusum
836 872 913 937 fuit:
1500 936 1511 951 .

327 982 453 1067 Primo,
481 985 568 1073 quod
598 986 733 1073 quilibet
760 997 907 1077 repertus
937 990 971 1054 in
995 986 1169 1055 homicidio
1198 988 1381 1052 remittatur
1409 978 1459 1053 ad
1473 954 1664 1075 ddibrnpum

220 1084 411 1169 sperpetuis
432 1085 617 1152 carceribus
638 1086 882 1174 mancipandus.

327 1198 410 1264 Item
436 1202 471 1266 in
501 1225 601 1267 causa
625 1205 702 1269 furti
732 1202 871 1291 placuit,
903 1202 989 1292 quod
1009 1204 1043 1268 in
1062 1224 1253 1290 quocunque
1272 1202 1357 1266 furto
1379 1209 1530 1287 repertus
1552 1225 1573 1267 a
1593 1225 1665 1289 gre

246 1297 311 1362 mio
331 1301 551 1367 universitatis
572 1301 773 1368 excludatur.
817 1302 853 1369 Si
880 1313 989 1368 tamen
1016 1304 1088 1390 quis
1109 1303 1143 1366 in
1163 1300 1300 1366 notabili
1320 1300 1405 1365 furto
1427 1310 1578 1388 repertus
1598 1302 1665 1368 fue·

246 1397 305 1479 rit,
326 1398 411 1465 ultra
432 1400 494 1467 boc
512 1402 658 1469 mittanir
678 1403 721 1468 ad
743 1404 933 1490 episcopum
952 1423 1057 1487 poena
1077 1400 1239 1488 condigna
1259 1398 1453 1488 puniendus.

639 1591 687 1653 20.
710 1583 773 1674 [Bl.
790 1584 858 1676 18⁸]
887 1606 956 1656 vom
973 1605 1014 1657 re.
1030 1605 1132 1656 unm
1152 1603 1223 1656 ruo.

207 1737 239 1793 to
329 1729 424 1797 Anno
453 1732 575 1799 domini
601 1732 1347 1825 millesimoquadringentesimoseptuagesimo,
1385 1730 1439 1797 die
1471 1754 1551 1799 vero
1580 1734 1665 1801 vice-

248 1831 331 1895 sima
349 1840 443 1903 sexta
453 1835 578 1921 prensis
595 1834 748 1917 Ianuarii,
769 1836 955 1902 conclusum
965 1835 1026 1900 fuit
1038 1837 1073 1901 in
1082 1833 1227 1921 generali
1238 1831 1476 1899 convocatione
1489 1833 1663 1921 magistro

245 1952 316 1995 rum
337 1924 567 2016 universitatis,
590 1933 774 2022 specialiter
795 1935 839 2001 ad
859 1935 920 2001 hoc
940 1934 1036 2017 facta,
1058 1944 1090 2000 et
1109 1956 1168 2022 per
1189 1942 1327 2018 quatuor
1343 1931 1499 1996 naciones
1519 1932 1665 2000 eusdem

244 2030 467 2098 universitatis
488 2035 691 2102 concorditer
712 2033 931 2122 approbatum
953 2041 1017 2098 est:

332 2154 358 2214 1.
388 2147 485 2230 Quod
519 2149 642 2217 nullum
676 2152 895 2217 universitatis
923 2152 1127 2238 suppositum
1158 2147 1312 2235 deinceps
1341 2146 1528 2214 habitatin
1554 2147 1664 2238 aliquo

206 2253 237 2308 15
246 2244 309 2312 alio
329 2245 401 2314 loeo
423 2248 509 2316 ultra
528 2272 671 2316 mensem
691 2274 787 2337 quam
808 2273 881 2317 cum
904 2249 1083 2338 collegiatis
1099 2258 1155 2315 aut
1173 2248 1207 2312 in
1220 2243 1328 2314 bursis
1343 2269 1403 2335 per
1416 2249 1664 2317 universitatem

245 2345 454 2432 approbatis,
482 2349 604 2416 ibidem
634 2350 808 2418 secundum
837 2352 910 2416 iura
934 2349 1081 2415 bursalia
1106 2346 1265 2430 vivendo,
1294 2356 1351 2413 aut
1378 2370 1451 2413 cnm
1473 2347 1665 2419 doctoribus

244 2442 340 2511 huius
365 2449 602 2517 universitatis:
635 2451 725 2518 salvo
753 2449 841 2539 quod
860 2451 1009 2537 magistri
1029 2451 1167 2532 arcium,
1194 2449 1228 2512 in
1249 2445 1389 2513 decretis
1408 2446 1460 2512 vel
1480 2449 1663 2519 medicinae

244 2545 421 2612 baccalarii
446 2550 572 2636 possint
598 2550 700 2617 libere
728 2559 816 2616 stare
844 2573 904 2639 pro
927 2549 1080 2615 decencia
1101 2558 1204 2615 status
1224 2570 1335 2614 eorum
1355 2556 1449 2613 extra
1470 2546 1545 2615 loca
1566 2573 1664 2637 prae-

244 2643 334 2710 dicta
355 2669 427 2712 cum
448 2672 512 2714 uno
533 2648 685 2716 familiari
705 2650 883 2715 dumtaxat
926 2649 962 2714 si
982 2659 1090 2715 tamen
1109 2646 1242 2735 aliquod
1262 2643 1348 2736 [18¹³]
1371 2649 1587 2736 suppositum,
1610 2674 1663 2717 cu·

203 2747 422 2835 ttiuscunque
441 2748 606 2816 facultatis
626 2751 736 2832 fuerit,
759 2773 800 2815 ex
821 2748 1012 2816 racionabili
1033 2771 1132 2816 causa
1152 2746 1322 2813 comodose
1344 2757 1431 2812 stare
1454 2770 1520 2815 non
1540 2753 1663 2838 poterit

245 2845 280 2910 in
306 2845 451 2934 collegiis
479 2858 535 2914 aut
555 2849 663 2915 bursis
687 2859 744 2915 aut
765 2871 840 2917 cum
861 2848 1063 2930 doctoribus,
1092 2859 1128 2913 ut
1149 2846 1383 2934 praemittitur,
1413 2856 1532 2914 extunc
1552 2859 1663 2917 rector

245 2968 305 3032 pro
332 2954 478 3033 tempore
503 2950 663 3032 existens,
690 2949 882 3014 informatus
909 2971 968 3035 per
996 2949 1212 3028 ordinarium,
1245 2947 1273 3010 si
1295 2955 1343 3011 est
1364 2945 1500 3013 scolaris
1521 2951 1557 3014 in
1581 2950 1663 3033 iure,

245 3044 297 3111 vel
320 3045 477 3111 decanum
497 3046 631 3113 alterius
651 3047 834 3130 facultatis,
855 3050 944 3114 cuius
964 3047 1129 3114 facultatis
1151 3047 1309 3128 extiterit,
1332 3045 1372 3111 de
1393 3045 1565 3133 qualitate,
1588 3071 1663 3115 con·

246 3145 373 3210 dicione
398 3157 430 3211 et
459 3168 559 3212 causa
585 3169 760 3235 personae:
796 3171 879 3236 quae
906 3149 934 3214 si
961 3147 1169 3214 racionabilis
1197 3146 1296 3211 fuerit
1322 3156 1354 3211 et
1378 3144 1556 3231 legittima,
1585 3158 1663 3215 tunc

202 3252 353 3311 25rector
373 3267 447 3310 cum
466 3247 533 3311 suis
554 3247 772 3313 assessoribus
794 3246 961 3334 dispenset
981 3258 1013 3313 et
1032 3246 1218 3332 indulgeat,
1241 3254 1273 3310 et
1287 3244 1328 3311 de
1340 3244 1404 3310 hae
1415 3244 1664 3333 dispensacione

245 3344 380 3410 scolaris
402 3346 561 3433 signetum
580 3345 723 3414 obtineat
744 3370 764 3412 a
785 3357 911 3413 rectore
930 3348 1044 3432 gratis,
1064 3345 1124 3412 snb
1147 3366 1252 3432 poena
1270 3346 1365 3411 unius
1388 3343 1514 3429 floreni,
1536 3348 1660 3415 tociens

246 3446 398 3530 quociens
420 3446 618 3511 contrarium
638 3448 746 3513 facere
766 3447 1036 3534 praesumpserit,
1058 3457 1091 3511 et
1111 3446 1311 3533 privacionis
1333 3446 1580 3532 promocionum
1597 3468 1664 3534 ,per

246 3545 342 3609 istum
369 3567 489 3611 annum
516 3547 551 3611 in
577 3548 665 3612 omni
689 3545 845 3613 facultate
871 3568 997 3611 necnon
1027 3546 1195 3611 carenciae
1223 3543 1418 3610 defensionis
1440 3546 1663 3612 universitatis

244 3642 300 3708 illa
325 3644 405 3710 vioe.
445 3645 489 3710 Et
516 3644 603 3732 quod
631 3656 737 3712 rector
765 3648 807 3711 sit
833 3648 985 3712 astrictus
1008 3642 1092 3733 [19⁸]
1121 3644 1180 3710 sub
1204 3667 1262 3710 suo
1285 3645 1465 3710 iuramento
1487 3644 1532 3710 ad
1554 3656 1662 3712 exter·

203 3742 410 3831 :loquendum
430 3767 568 3832 poenam
589 3747 868 3829 contrafacientis3
896 3766 1021 3811 necnon
1047 3744 1162 3811 famuli
1180 3745 1225 3811 ad
1245 3742 1416 3830 diligenter
1435 3744 1663 3830 inquirendum

243 3853 276 3908 et
302 3845 420 3908 rectori
448 3843 721 3911 denunetiandum
749 3845 831 3913 tales
859 3856 971 3911 contra
1000 3842 1184 3911 huiusmodi
1212 3853 1333 3910 stamta
1353 3841 1577 3930 delinquentes
1599 3843 1659 3911 sub

243 3945 311 4009 suis
333 3945 521 4010 iuramentis
545 3946 608 4010 sint
630 3947 763 4010 astricti

327 4065 354 4126 2.
379 4060 493 4127 Placet
516 4083 577 4148 pro
604 4061 765 4126 communi
787 4069 873 4127 statu
893 4059 1112 4125 universitatis
1133 4068 1165 4123 et
1185 4058 1383 4124 incremento
1404 4060 1658 4147 suppositorum,

244 4158 331 4247 quod
358 4168 465 4226 rector
486 4183 545 4248 pro
573 4169 718 4248 tempore
741 4162 884 4227 existens
904 4161 938 4224 in
960 4160 1047 4224 omni
1067 4159 1266 4240 mutacione,
1288 4180 1309 4223 a
1331 4167 1477 4246 tempore
1501 4181 1582 4225 suae
1600 4159 1662 4227 ole-

202 4259 361 4324 3tctionis
387 4261 473 4325 infra
501 4260 582 4325 duos
609 4284 753 4345 menses,
779 4261 925 4349 requirat
944 4267 1088 4323 rectores
1110 4266 1142 4322 et
1163 4267 1374 4322 conventores
1395 4256 1605 4343 collegiorum
1632 4269 1663 4325 et

244 4357 415 4423 bursarum
444 4360 488 4426 ad
516 4360 787 4448 praesentandum
818 4368 850 4425 et
876 4356 1093 4424 exhibendum
1122 4355 1185 4421 sibi
1206 4357 1314 4421 omnia
1337 4367 1369 4421 et
1391 4357 1522 4442 singula
1543 4381 1661 4448 suppo

245 4459 307 4524 sita
327 4459 362 4524 in
385 4461 513 4547 scriptis
536 4461 570 4524 in
590 4461 671 4546 ipsis
693 4459 836 4545 collegiis
858 4468 890 4524 et
911 4457 1018 4522 bursis
1041 4457 1287 4521 commorancia.
1331 4453 1459 4537 Quibus
1481 4454 1545 4521 sibi
1567 4480 1660 4544 prae

245 4559 378 4624 sentatis
405 4568 513 4625 rector
537 4581 609 4623 cum
632 4559 694 4624 sibi
716 4558 875 4623 adiunctis
897 4555 1118 4622 assessoribus
1140 4576 1249 4620 omnes
1271 4565 1304 4620 et
1325 4554 1471 4641 singulas
1492 4553 1611 4622 bursas
1631 4565 1663 4623 et

246 4657 382 4745 collegia
410 4660 496 4724 infra
522 4668 648 4746 tempus
668 4658 869 4745 praedictum
891 4654 1106 4744 personaliter
1126 4655 1250 4737 visitet,
1276 4677 1297 4718 a
1317 4653 1453 4741 singulis
1474 4650 1562 4744 [191’]
1586 4678 1662 4745 sup·

203 4767 237 4822 40
246 4759 361 4844 positis
374 4759 436 4824 sibi
455 4761 488 4823 in
502 4759 632 4844 scriptis
646 4757 824 4843 designatis
833 4756 999 4843 sigillatim
1011 4753 1213 4840 inquirendo,
1227 4755 1260 4818 in
1276 4754 1500 4842 quafacultate
1507 4754 1662 4822 lectiones

245 4866 277 4921 et
304 4879 325 4922 a
351 4880 415 4943 quo
442 4857 495 4923 vel
517 4881 538 4923 a
558 4857 675 4946 quibus
696 4857 836 4923 audiant
878 4856 923 4921 Et
946 4856 973 4920 si
995 4852 1126 4942 aliquod
1147 4855 1349 4941 suppositum
1370 4864 1537 4940 repertum
1554 4856 1662 4941 fuerit,

245 4954 332 5043 quod
351 4954 505 5023 lectiones
524 4978 589 5022 non
610 4957 739 5040 audiat,
766 4956 853 5022 istud
879 4955 1019 5042 desuper
1039 4961 1208 5019 moneatur
1229 4964 1276 5035 et,
1303 4956 1330 5018 si
1351 4962 1425 5039 post
1445 4955 1662 5022 monicionem

243 5055 363 5121 factam
384 5056 470 5120 infra
490 5065 561 5120 octo
582 5054 651 5121 dies
673 5057 847 5122 monicioni
867 5055 1003 5121 rectoris
1026 5076 1062 5119 se
1083 5075 1147 5118 non
1169 5051 1453 5139 obtemperaverit,
1475 5052 1518 5119 ab
1533 5057 1660 5121 univer·

245 5156 341 5220 sitate
361 5153 534 5242 relegetur.
