3756 6158
248 471 307 536 492
733 476 782 525 Die
807 474 1027 536 philosophische
1045 475 1172 527 Facultiit.

249 654 367 739 poterit
388 653 509 718 habere
531 656 643 740 gratis,
666 655 706 720 de
729 680 791 743 quo
812 656 907 721 fidem
930 656 990 721 sub
1013 680 1070 722 suo
1092 659 1271 722 iuramento
1299 677 1359 742 per
1387 654 1469 719 duos
1490 653 1581 717 viros
1604 652 1669 716 ido-

247 775 334 837 neos,
358 753 474 841 quibus
494 755 556 820 hoc
577 767 713 835 constat,
736 766 792 820 aut
813 780 872 844 per
895 757 960 822 alia
980 756 1173 822 documenta
1194 757 1301 822 facere
1323 764 1479 821 teneatur.

248 923 275 983 9.
298 937 344 983 tm
360 938 582 987 EXECUTIONE
602 941 653 1000 ET,
664 939 902 988 osssnssvartrta
918 938 1091 988 rasuram
1106 940 1265 1002 ararum,
1289 939 1445 987 scmlcar
1457 938 1505 986 DE
1521 936 1669 986 s‘ratttnt

585 1040 631 1087 ΕΤ
653 1040 767 1087 MENSA
787 1041 822 1089 m
842 1040 942 1088 nocls
962 1040 1133 1087 PROBATIS
1153 1040 1324 1089 manunt.

207 1158 224 1213 5
332 1152 460 1236 Placet,
491 1155 578 1240 quod
609 1154 716 1220 nullus
749 1155 938 1221 admittatur
966 1155 1008 1220 ad
1029 1176 1165 1220 examen
1186 1153 1237 1219 vel
1259 1163 1458 1240 temptamen
1478 1178 1540 1242 pro
1563 1154 1669 1242 aliquo

249 1250 354 1334 gradu
383 1253 417 1316 in
443 1253 587 1337 artibus,
618 1256 682 1319 nisi
704 1257 737 1319 in
760 1255 868 1341 aliquo
891 1255 1099 1341 collegiorum
1120 1254 1171 1319 vel
1192 1254 1292 1319 bursa
1314 1253 1499 1342 approbata
1519 1255 1669 1318 continue

246 1352 385 1433 steterit,
421 1353 606 1442 ibidemque
632 1377 704 1419 eum
730 1354 837 1443 aliquo
868 1355 1097 1440 magistrorum
1127 1353 1179 1418 vel
1206 1355 1468 1441 praepositorum
1490 1352 1669 1439 vulgariter

246 1448 292 1512 sic
313 1463 571 1539 nuncupatorum
600 1477 745 1519 mensam
773 1457 910 1519 tenuerit
943 1464 974 1519 et
1006 1465 1114 1519 cetera
1145 1454 1218 1518 iura
1250 1452 1396 1518 bursalia
1425 1453 1559 1535 fecerit,
1599 1453 1668 1517 istis

247 1547 417 1616 dumtaxat
452 1552 591 1639 demptis
626 1554 790 1639 personis,
831 1577 911 1639 quas
950 1555 1207 1641 suprascriptum
1251 1561 1425 1634 statutum,
1458 1552 1594 1638 loquens
1630 1549 1668 1616 de

145 1693 148 1699 ·
210 1651 382 1730 restantia,
418 1673 572 1739 expresse
608 1655 733 1718 eximit.
789 1652 850 1718 Est
883 1654 968 1718 enim
1003 1663 1091 1718 certo
1118 1653 1251 1733 certius,
1290 1651 1377 1740 quod
1411 1675 1453 1718 ex
1485 1649 1668 1718 huiusmodi

248 1747 340 1833 larga
360 1749 490 1816 licentia
511 1752 766 1840 tollerantiaque,
788 1752 943 1817 hactenus
967 1751 1126 1834 admissa,
1161 1761 1194 1815 et
1222 1750 1479 1816 dissimulatione
1505 1749 1668 1819 facultatis

247 1850 384 1931 artium,
420 1850 506 1938 quod
538 1851 674 1936 quilibet
705 1851 997 1939 promovendorum
1019 1852 1063 1916 ad
1080 1850 1317 1938 beneplacitum
1340 1872 1433 1915 suum
1454 1849 1620 1937 prandere
1638 1860 1668 1914 et

248 1971 385 2013 coenare
406 1959 500 2014 extra
522 1950 594 2016 loca
609 1951 793 2039 approbata
805 1960 943 2038 poterat,
964 1950 1130 2036 sequitur¹
1153 1949 1337 2033 eorundem,
1359 1952 1563 2035 experientia
1573 1950 1668 2035 (quae

245 2070 353 2112 rerum
381 2051 540 2136 magistra
561 2058 620 2128 ost)
641 2061 798 2133 testante,
832 2053 866 2116 in
892 2050 998 2115 studio
1030 2059 1063 2114 et
1086 2049 1231 2114 moribus
1251 2071 1315 2113 non
1337 2048 1467 2115 modica
1490 2048 1667 2130 dissolutio,

208 2156 238 2211 15
246 2148 322 2211 item
341 2149 541 2235 negligentes
562 2150 797 2237 disputationes
820 2151 996 2232 serotinae,
1028 2172 1094 2214 non
1119 2148 1328 2213 observantia
1358 2147 1550 2230 latinitatis,
1588 2168 1667 2233 quae

244 2248 353 2311 omnia
383 2250 417 2313 in
447 2271 598 2335 magnam
627 2250 844 2315 confusionem
875 2260 907 2314 et
933 2246 1124 2314 scandalum
1144 2245 1309 2312 facultatis
1336 2247 1455 2312 artium
1476 2253 1620 2334 vergunt
1639 2256 1668 2310 et

246 2347 539 2432 promovendorum
558 2349 827 2431 ldissolufionem,
868 2348 967 2413 latam
997 2347 1229 2434 negligentiam
1258 2355 1289 2411 et
1319 2348 1452 2412 minime
1479 2345 1666 2435 profectum.

245 2444 365 2510 Volens
386 2449 494 2533 itaque
515 2448 652 2513 facultas
674 2451 790 2513 artium
813 2449 888 2513 huic
908 2451 1021 2530 errori,
1053 2457 1087 2513 et
1105 2470 1170 2513 non
1191 2447 1361 2529 immerito,
1386 2468 1599 2528 succurrere,
1620 2468 1667 2511 cu·

248 2545 405 2632 piensque
427 2569 556 2612 suorum
578 2544 773 2613 scholarium
794 2547 926 2613 utilitati
953 2570 1013 2634 pro
1042 2545 1140 2611 studii
1166 2547 1364 2610 incremento
1400 2545 1593 2634 providere,
1626 2547 1667 2609 ita

205 2644 335 2730 20quod
355 2645 490 2734 quilibet
510 2648 806 2734 promovendorum
825 2650 859 2712 in
881 2646 1004 2713 artibus
1026 2646 1132 2732 magis
1154 2666 1250 2732 quam
1271 2645 1363 2732 prius
1383 2645 1418 2710 in
1440 2643 1665 2711 actibusscbo·

247 2741 371 2809 lasticis
394 2755 425 2810 et
445 2746 540 2812 bonis
561 2746 705 2812 moribus
733 2769 803 2812 sese
831 2747 940 2813 valeat
969 2768 1122 2811 exercere
1155 2754 1187 2809 et
1219 2742 1379 2835 proficere
1413 2754 1484 2828 etc,
1519 2743 1665 2825 decrevit,

247 2841 333 2929 quod
356 2843 396 2909 de
412 2856 517 2912 cetero
539 2848 796 2934 suprascriptum
817 2856 974 2912 statutum
996 2845 1036 2914 de
1058 2845 1178 2911 stantia
1200 2852 1231 2909 et
1251 2865 1365 2908 mensa
1386 2852 1449 2928 ete
1474 2841 1663 2909 inviolabili·

247 2950 296 3006 ter
316 2941 358 3007 ab
380 2966 572 3034 unoquoque
587 2945 880 3033 promovendorum
900 2947 935 3010 in
957 2944 1083 3010 artibus
1105 2943 1202 3009 debet
1228 2941 1405 3008 observari.
1444 2939 1537 3030 [34²³]
1560 2942 1604 3007 Et
1624 2963 1663 3005 se

243 3064 298 3106 eus
320 3043 492 3128 facientes,
535 3045 658 3110 scilicet
692 3048 842 3111 stantiam
866 3055 897 3110 et
920 3067 1064 3110 mensam
1094 3042 1191 3109 modo
1214 3041 1381 3130 praedicto
1412 3064 1480 3107 non
1507 3040 1664 3120 babentes,

204 3150 304 3206 ttsuo
326 3152 473 3232 ternpore
495 3167 554 3232 pro
574 3144 683 3233 aliquo
703 3143 809 3231 gradu
834 3147 868 3208 in
896 3143 1021 3209 artibus
1053 3165 1257 3231 nequaquam
1288 3139 1409 3206 debent
1439 3141 1586 3223 admitti,
1614 3162 1664 3204 nec

245 3264 316 3306 cum
337 3245 383 3307 eis
403 3244 615 3330 quovismodo
639 3268 736 3331 super
757 3243 814 3309 tali
837 3243 972 3324 defectu,
994 3242 1116 3310 scilieet
1137 3265 1201 3307 non
1222 3241 1341 3306 stantia
1355 3250 1388 3305 et
1401 3262 1527 3324 mensa,
1542 3240 1662 3328 dispen-

248 3343 322 3405 sari.
365 3341 410 3406 Et
429 3353 464 3407 ut
484 3343 524 3407 de
546 3346 733 3430 praemissis
756 3343 866 3408 debita
885 3342 942 3408 fiat
964 3345 1130 3424 executio,
1167 3340 1263 3406 debet
1289 3348 1437 3426 tempore
1459 3339 1661 3426 dispensatio·

246 3441 297 3504 nis
319 3440 455 3526 quilibet
475 3443 714 3529 promovendus
737 3466 836 3529 super
859 3442 1044 3507 huiusmodi
1065 3442 1186 3505 stantia
1207 3449 1240 3505 et
1261 3462 1389 3521 mensa,
1417 3440 1452 3503 in
1475 3439 1584 3527 aliquo
1601 3438 1662 3502 loco

247 3541 428 3626 approbato
450 3564 508 3628 per
530 3564 601 3606 eum
623 3541 771 3623 habitis²,
793 3544 1044 3628 recognitionem
1065 3542 1115 3607 sui
1136 3540 1342 3605 conventuris
1364 3548 1422 3603 aut
1441 3538 1577 3603 alterius
1596 3536 1661 3602 fide·

204 3648 238 3702 30
247 3639 336 3723 digni
359 3642 508 3726 magistri
529 3641 652 3707 decano
673 3640 835 3705 facultatis
855 3652 1079 3728 praesentare,
1112 3630 1167 3728 qui
1194 3640 1293 3704 etiam
1319 3637 1506 3704 huiusmodi
1527 3637 1661 3722 recogni-

249 3741 366 3803 tionem
401 3739 443 3804 ab
474 3741 555 3826 ipsis
582 3741 812 3827 promovendis
839 3752 985 3827 tempore
1013 3741 1264 3825 dispensationis
1293 3736 1352 3802 sub
1382 3760 1439 3803 suo
1469 3735 1664 3802 iurament0³

248 3838 411 3924 postulare
434 3840 529 3905 debet
551 3864 622 3906 esse
643 3842 830 3921 asstrictus,
875 3851 906 3905 et
932 3849 1008 3904 tune
1033 3840 1092 3905 toti
1119 3836 1263 3902 facidtati
1292 3836 1401 3923 palam
1430 3835 1607 3919 exhibere,
1638 3845 1664 3898 et

247 3939 309 4003 nisi
332 3941 403 4023 quis
426 3939 607 4004 huiusmodi
630 3941 883 4025 recognitionem
906 3963 964 4004 suo
991 3947 1137 4025 tempore
1165 3936 1366 4018 exhibuerit,
1410 3937 1454 4000 sit
1486 3938 1560 4022 ipso
1588 3937 1664 4000 facto

247 4039 429 4125 impeditus.
469 4039 504 4104 Si
532 4051 638 4104 autom
661 4038 792 4128 aliquod
814 4041 1016 4127 suppositum
1039 4037 1202 4103 facultatis
1219 4037 1325 4118 fuerit,
1348 4034 1437 4122 quod
1459 4058 1595 4116 causam
1615 4035 1663 4100 ba·

206 4138 324 4203 :ttboat
346 4139 582 4223 rationabilem,
606 4163 662 4204 cur
684 4141 865 4226 praemissa
887 4139 927 4202 de
949 4139 1068 4202 stantia
1090 4145 1121 4201 et
1143 4157 1254 4200 mensa
1280 4133 1414 4200 comode
1443 4158 1581 4200 servare
1609 4156 1665 4198 non

246 4237 369 4319 valeat,
406 4239 466 4304 hoc
496 4238 593 4304 debet
625 4241 659 4303 in
693 4240 854 4327 principio
889 4237 1025 4302 alieuius
1058 4236 1244 4301 mutationis
1279 4233 1406 4300 deferre
1439 4234 1485 4301 ad
1516 4234 1665 4300 decanum

246 4337 409 4402 facultatis
432 4341 559 4420 artium,
587 4341 641 4424 qui
666 4361 739 4402 cum
769 4337 873 4402 tribus
904 4336 967 4400 sibi
996 4336 1220 4422 condeputatis
1249 4336 1416 4420 magistris
1445 4332 1668 4400 executoribus

248 4437 385 4502 fideliter
406 4461 536 4502 causam
559 4439 680 4518 audiat,
702 4459 784 4522 quae
807 4437 834 4501 si
857 4459 976 4522 urgens
1000 4446 1031 4499 ct
1051 4433 1255 4500 rationabilis
1284 4434 1399 4516 fuerit,
1429 4437 1553 4522 poterit
1573 4430 1667 4498 indul·

248 4560 334 4624 gere,
357 4548 392 4602 ut
414 4539 566 4601 stantiam
588 4548 619 4601 et
641 4559 784 4601 mensam
807 4535 886 4600 alibi
910 4558 1007 4622 quam
1029 4537 1062 4599 in
1084 4535 1155 4599 loco
1172 4531 1353 4619 approbato
1363 4542 1491 4615 teneat3
1513 4555 1556 4598 ea
1570 4542 1666 4599 autem

210 4639 380 4701 lominimo
408 4637 568 4700 existente
594 4635 798 4717 rationabili,
832 4647 897 4700 tam
924 4637 995 4722 ipse
1021 4635 1163 4700 decanus
1186 4654 1282 4718 quam
1302 4634 1455 4719 magistri
1485 4644 1666 4698 executores

249 4736 308 4801 sub
329 4758 434 4823 poena
455 4735 590 4822 periurii
614 4735 782 4821 indulgere
803 4758 867 4800 non
889 4735 1013 4800 debent.
1057 4735 1198 4799 Possunt
1218 4742 1337 4812 tamen,
1360 4733 1388 4796 si
1410 4733 1460 4798 eis
1482 4734 1590 4798 visum
1609 4731 1667 4795 fue-

331 4990 340 5039 1
359 4983 632 5056 Uebergesehrieben
650 4989 786 5054 sequautur.

330 5066 548 5125 lGeschn'eben
566 5068 603 5122 ist
621 5069 729 5121 badium

333 5157 348 5206 3
366 5151 420 5205 Am
439 5153 547 5207 Raude:
567 5152 709 5222 Oblipata'o
728 5152 875 5206 iuramenti
891 5150 1000 5205 sabbata
1010 5150 1118 5204 (berete
1128 5146 1283 5217 facultatis
1294 5149 1368 5200 1520.
