3756 6158
248 486 309 548 562
762 485 812 534 Die
832 485 1017 549 theologischa
1033 483 1162 535 Faculttit.

250 631 453 749 theologicae
474 664 636 729 facultatis
659 674 735 730 tunc
757 676 944 751 praesentes
968 667 1145 754 aequaliter
1168 665 1375 749 dividendos,
1404 667 1485 732 dare
1506 666 1626 732 debent
1644 677 1674 730 et

251 762 436 849 persolvere
452 785 525 827 cum
544 764 669 845 effectu,
691 764 735 828 ad
757 764 844 852 quod
863 766 966 830 eciam
987 767 1054 831 suis
1076 766 1180 832 literis
1200 765 1403 852 theologicae
1422 766 1572 832 facultati
1592 765 1673 830 datis

250 885 284 926 se
309 872 485 947 spontanee
507 861 702 948 obligarunt.
1001 866 1004 872 ’

334 1034 383 1095 39.
407 1024 468 1113 [Bl.
483 1026 548 1115 22²]
571 1029 665 1094 Anno
684 1030 805 1095 domini
822 1035 899 1096 1492
921 1031 955 1094 in
977 1030 1120 1116 profesto
1141 1040 1273 1094 sanctae
1285 1029 1414 1116 Agatae
1426 1033 1468 1112 (d.
1480 1037 1509 1096 5.
1520 1033 1671 1105 Februar)

207 1139 223 1193 5
251 1126 436 1194 conclusum
457 1129 519 1192 suit
540 1129 744 1194 concorditer
766 1153 824 1215 per
852 1151 961 1194 omnes
988 1128 1136 1194 doctores
1165 1128 1205 1192 de
1232 1128 1366 1194 consilio
1394 1129 1564 1193 facultatis
1590 1127 1672 1193 theo·

248 1228 390 1313 logicae,
413 1227 515 1311 quod,
538 1230 565 1291 si
596 1228 684 1315 quis,
715 1229 783 1292 sive
810 1227 965 1293 secularis
993 1229 1061 1292 sive
1086 1226 1275 1313 religiosus,
1302 1237 1490 1315 assumptus
1517 1227 1670 1291 fueritin

250 1325 469 1390 baccalarium
501 1324 684 1412 theologiae
714 1327 756 1391 ad
784 1327 955 1413 legendum
986 1348 1115 1391 cursum
1143 1325 1195 1391 vel
1218 1328 1398 1391 sentencias
1420 1336 1517 1391 extra
1536 1347 1674 1390 mensem

251 1424 489 1510 theologorum,
512 1425 598 1511 quod
617 1426 703 1491 ultra
727 1428 853 1493 solitam
874 1426 1060 1513 pecuniam,
1083 1448 1180 1513 quarn
1208 1435 1334 1490 tenetur
1363 1424 1490 1490 solvere
1512 1427 1546 1490 in
1569 1448 1674 1489 mense

251 1523 475 1609 theologorum
498 1546 557 1610 pro
579 1526 805 1591 consolacione
826 1525 1009 1606 doctorum,
1032 1525 1135 1588 eciam
1159 1525 1201 1588 sit
1229 1523 1391 1610 obligatus
1419 1523 1462 1589 ad
1485 1523 1672 1590 solvendum

210 1633 242 1687 10
253 1644 352 1687 unum
373 1621 529 1687 florenum
552 1646 718 1689 renensem
741 1635 876 1712 propter
897 1624 967 1706 hoc,
990 1622 1077 1710 quod
1098 1633 1193 1687 extra
1213 1645 1355 1688 mensem
1377 1625 1546 1710 recipitur.

335 1794 383 1853 40.
405 1786 501 1852 Anno
526 1794 604 1854 1502
627 1788 817 1877 diequarte
840 1791 958 1854 mensis
977 1765 1171 1853 Novembris
1194 1784 1240 1873 (d.
1250 1796 1280 1853 4.
1290 1793 1467 1865 November)
1490 1788 1673 1854 conclusum

250 1889 312 1953 fuit
335 1885 537 1951 concorditer
559 1897 591 1951 et
611 1897 785 1971 statutum,
818 1888 905 1975 quod
932 1889 965 1952 in
997 1897 1093 1953 antea
1120 1886 1163 1951 ad
1189 1886 1361 1973 legendum
1382 1910 1514 1953 cursum
1534 1890 1570 1952 in
1590 1887 1673 1953 theo

249 1987 354 2073 logia,
375 1987 439 2049 nisi
463 2009 498 2050 se
520 1987 602 2052 velle
629 1987 702 2052 fieri·
727 1987 877 2053 clericum
899 1989 1100 2074 promiserit,
1125 1985 1168 2051 ad
1189 1987 1370 2052 sentencias
1389 2009 1468 2052 vero
1491 2010 1552 2074 pro
1573 1988 1673 2052 forma

250 2086 423 2172 legendas,
449 2087 512 2149 nisi
535 2085 684 2152 defecto
707 2089 740 2151 in
760 2086 939 2153 minoribus
962 2089 1096 2168 existat,
1121 2085 1163 2150 ad
1190 2084 1359 2151 licenciam
1390 2096 1500 2151 autem
1520 2087 1673 2173 recipien-

210 2198 240 2251 15
252 2187 338 2267 dum,
357 2185 421 2248 nisi
442 2186 476 2248 in
497 2184 674 2251 maioribus
698 2176 877 2269 ordinibus,
898 2186 940 2251 ad
961 2188 1066 2250 minus
1091 2184 1352 2267 subdiaconatus,
1373 2197 1449 2250 actu
1478 2186 1579 2250 fuerit
1605 2208 1673 2250 con·

250 2286 395 2364 stitutus,
419 2305 478 2369 per
498 2284 684 2350 facultatem
706 2280 920 2372 theologicam
951 2286 1080 2351 omnino
1109 2307 1173 2349 non
1205 2283 1429 2355 admittaturz¹
1459 2284 1549 2372 quod
1576 2286 1674 2349 eciam

251 2384 401 2449 doctores
428 2390 463 2446 et'
486 2382 648 2450 licenciati
675 2407 813 2451 unacum
841 2383 1035 2451 baccalariis
1060 2384 1094 2447 in
1123 2381 1293 2470 principiis
1321 2385 1356 2448 in
1384 2405 1518 2449 cursum
1550 2398 1583 2449 et
1610 2406 1674 2449 sen·

250 2483 373 2548 teneias
399 2491 455 2545 aut
474 2481 644 2549 licenciam
665 2484 884 2570 recipiendam
906 2506 965 2569 pro
992 2483 1113 2548 honore
1133 2481 1297 2548 facultatis
1318 2481 1523 2568 theologicae
1546 2493 1672 2548 tenean-

249 2593 301 2648 tur
323 2583 490 2648 interesse.
1026 2580 1028 2585 ’

207 2759 241 2814 20
500 2756 566 2837 Ι41.
590 2744 652 2835 [Bl.
666 2747 736 2835 22¹³]
765 2767 918 2814 amoene
940 2765 1008 2814 suo
1031 2765 1412 2814 vrcncaucnnnnnusu.

332 2882 615 2947 Reverendissime
648 2892 740 2970 pater
773 2890 805 2947 et
841 2882 970 2947 domins
1002 2881 1261 2967 graciosissime!
1309 2881 1450 2946 Vestrae
1487 2882 1672 2968 paternitati

249 2983 422 3046 affectuose
461 2981 760 3047 recommendamus
792 2979 994 3046 venerabiles
1024 2983 1134 3064 viros,
1167 2981 1320 3073 videlicet
1349 2982 1528 3065 magistros
1560 2981 1599 3045 N.
1628 2979 1671 3060 N,

248 3083 406 3146 attencius
430 3081 667 3168 supplicantes,
689 3089 847 3168 quatenus
871 3090 982 3146 vestra
1001 3090 1139 3167 paterna
1165 3082 1269 3167 pietas
1291 3078 1495 3166 theologicae
1515 3079 1671 3144 facultatis

253 3183 370 3246 intuitu
396 3179 580 3246 honorabili
607 3183 696 3263 viro,
726 3179 857 3245 domino
883 3181 1049 3266 magistro
1069 3180 1120 3262 N.,
1147 3181 1180 3243 in
1211 3202 1306 3244 sacra
1336 3179 1462 3266 pagina
1489 3179 1670 3266 professori,

207 3281 456 3346 25autoritatem
486 3280 565 3344 velit
594 3280 770 3347 concedere
805 3280 961 3365 praefatis
995 3281 1162 3365 magistris
1193 3279 1364 3345 licenciam
1395 3282 1429 3344 in
1460 3281 1669 3366 sacrapagiua

251 3378 455 3460 conferendi,
485 3379 571 3464 quod
600 3381 684 3444 votis
713 3378 862 3444 omnibus
893 3378 982 3465 apud
1013 3380 1149 3445 eandem
1170 3379 1209 3444 V.
1236 3380 1274 3443 P.
1302 3381 1454 3466 cupimus
1488 3379 1668 3467 promereri.

250 3480 327 3546 Dat.
350 3477 472 3563 Liptzk
492 3478 565 3564 ipso
586 3479 638 3543 die
660 3490 719 3543 etc.
763 3477 830 3542 Sub
854 3476 959 3561 sigillo
983 3478 1032 3559 Ν.,
1055 3501 1117 3564 quo
1142 3481 1262 3543 utimur
1283 3501 1343 3565 pro
1364 3481 1544 3565 praesenti.

353 3594 490 3657 Vestrae
512 3595 718 3679 paternitatis
740 3593 876 3693 humiles
898 3603 1052 3676 oratores,
1074 3593 1216 3660 decanus
1238 3595 1401 3680 ceterique
1422 3596 1576 3681 magistri

539 3693 702 3757 facultatis
724 3691 925 3778 theologicae
947 3695 1168 3758 universitatis
1186 3694 1381 3780 Liptzensis.

207 3819 241 3873 30
333 3807 615 3874 Reverendissimo
644 3811 678 3873 in
705 3810 811 3876 Oristo
840 3813 926 3896 patri
955 3833 994 3874 ac
1023 3809 1167 3892 domino,
1196 3810 1325 3874 domino
1348 3810 1398 3892 N,
1433 3812 1591 3898 episcopo

415 3908 692 3995 Merssburgensi,
716 3910 939 3973 universitatis
961 3910 1147 3995 Liptzensis
1174 3908 1369 3975 cancellario
1401 3910 1511 3992 unico,

690 4009 818 4072 domino
840 4018 951 4073 nostro
973 4010 1224 4093 graciosissimo.

587 4215 636 4274 42.
666 4203 1047 4272 nmrnnnvocncrouls
1068 4226 1114 4272 an
1136 4224 1332 4273 monacum

328 4339 538 4405 Honorabilis
557 4341 685 4404 domine
704 4341 868 4426 magister,
889 4341 959 4405 sitis
983 4363 1055 4405 cras
1076 4339 1157 4405 hora
1176 4363 1262 4405 nona
1283 4343 1317 4404 in
1337 4340 1474 4406 lectorio
1494 4341 1663 4407 ordinaria·

204 4448 237 4504 35
247 4463 317 4504 rum
343 4437 430 4526 [23³]
450 4440 708 4526 disputacionum
731 4439 773 4504 ad
796 4439 990 4525 capiendum
1011 4438 1181 4504 licenciam
1208 4440 1242 4503 in
1263 4462 1360 4505 sacra
1378 4439 1556 4529 theologia.
1596 4441 1662 4505 Dat

247 4562 331 4604 anno
353 4538 411 4603 tali
434 4548 465 4603 et
486 4539 538 4603 die
559 4537 616 4603 tali
638 4550 697 4603 ete.

655 4654 813 4741 Magister
836 4655 884 4719 .N.
907 4678 1021 4721 sacrae
1043 4653 1225 4742 theologiae
1245 4656 1414 4742 professor
1435 4666 1470 4721 et
1491 4656 1628 4723 decanus

951 4754 1115 4819 facultatis
1136 4754 1291 4821 eiusdem.

474 4869 668 4934 Honorabili
689 4872 776 4953 viro,
798 4870 928 4936 domino
956 4874 1113 4957 magistro
1135 4871 1194 4955 ,Ν.,
1216 4871 1259 4936 ad
1278 4869 1452 4936 licenciam

704 4971 736 5032 in
760 4991 853 5033 sacra
872 4969 1035 5055 theologia
1058 4971 1209 5035 admisso.

335 5154 342 5202 l
364 5151 418 5203 Am
437 5151 545 5205 Raude:
568 5151 622 5214 Qui
638 5169 693 5205 arou
711 5152 795 5210 eatiu
813 5152 957 5205 ordinibus
973 5153 1132 5220 maiosibsu,
1150 5169 1206 5206 aea
1222 5151 1387 5207 aduam
1404 5156 1446 5208 ed
1464 5155 1592 5210 losum
