3756 6158
260 523 319 584 164
605 517 654 566 Die
671 515 772 565 Placita
790 515 905 564 ustionis
921 514 1065 564 Bavaricae
1084 528 1144 563 vom
1162 514 1244 564 Jahre
1264 513 1333 566 1498.

253 699 323 761 nias
351 698 490 762 nationis
521 697 562 760 ab
594 696 715 761 eisdem
743 695 793 759 vel
822 695 923 760 altero
949 717 1061 761 eorum
1084 696 1139 759 via
1168 696 1248 759 iuris
1275 703 1476 782 extorqueat.
1520 693 1589 757 Nec
1615 695 1674 780 ipsi

252 799 341 883 prius
363 796 405 860 ad
431 797 596 860 nationem
621 803 837 861 convocentur
860 795 911 859 vel
940 817 1000 880 pro
1022 794 1176 860 membris
1206 793 1389 859 actualibus
1420 793 1564 858 nationis
1591 814 1675 856 reco-

251 904 447 980 gnoscantur
477 906 531 960 aut
552 896 741 974 habeantur,
771 893 873 958 donec
900 893 952 957 v‘el
981 895 1045 979 ipsi
1066 895 1118 959 vel
1140 916 1248 960 eorum
1278 893 1415 979 legitimi
1445 901 1673 980 procuratores

252 996 375 1059 nationi
397 994 437 1058 de
464 996 628 1081 perceptis
656 995 799 1079 pecuniis
828 993 1008 1079 plenariam
1035 1004 1066 1058 et
1094 992 1296 1058 affectualem
1326 993 1486 1057 rationem
1517 991 1673 1056 sufficien-

210 1105 225 1160 5
251 1105 378 1180 temque
409 1094 599 1159 solutionem
632 1094 777 1175 fecerint,
804 1092 953 1180 quodque
977 1103 1122 1180 tempore
1152 1091 1382 1178 assumptionis
1409 1114 1523 1157 eorum
1552 1092 1674 1156 nationi

252 1196 450 1282 promittant,
472 1194 567 1281 quod,
590 1195 617 1258 si
639 1192 769 1257 eosdem
790 1214 856 1256 non
877 1193 965 1258 facta
986 1194 1111 1257 ratione
1130 1190 1282 1256 recedere
1304 1192 1487 1277 contigerit,
1512 1189 1674 1276 quod'ex-

250 1304 326 1359 tunc
351 1316 521 1380 processus
549 1317 608 1379 por
634 1293 798 1358 dominum
827 1302 986 1357 rectorem
1008 1301 1122 1356 contra
1150 1314 1184 1356 se
1205 1289 1427 1356 decernendos
1457 1299 1489 1354 et
1515 1291 1551 1354 in
1572 1288 1674 1354 valvis

251 1391 461 1458 ecclesiarum
489 1391 668 1478 alligandos
696 1390 858 1456 humiliter
888 1392 1115 1478 pacienterque
1144 1383 1302 1456 sustinere
1327 1390 1441 1474 velint,
1471 1388 1576 1454 donec
1604 1411 1674 1453 cum

250 1493 381 1557 natione
403 1514 473 1558 sese
496 1493 745 1579 composuerint.

212 1665 244 1719 10
355 1661 383 1724 3.
407 1654 467 1744 [Bt.
489 1654 541 1744 2u]
564 1675 610 1722 nn
636 1674 805 1723 08888888
826 1674 895 1723 sno
918 1674 1017 1724 mssa
1037 1643 1564 1723 unrvunsrrnrrsmssonsnn1s.

333 1790 470 1876 Insuper
493 1789 624 1876 placuit,
648 1790 735 1875 quod
756 1790 934 1877 candelarii
956 1813 993 1856 eo
1016 1790 1079 1873 die,
1108 1811 1170 1877 quo
1193 1790 1294 1854 missa
1312 1791 1537 1855 universitatis
1559 1787 1672 1855 decan-

250 1887 350 1953 tanda
380 1889 492 1971 fuerit,
522 1888 674 1954 candelas
707 1892 846 1955 nationis
875 1891 1067 1977 tempestive
1095 1889 1203 1955 etsie
1232 1899 1307 1954 ante
1334 1891 1460 1955 initium
1488 1888 1671 1954 huiusmodi

250 1988 369 2052 missae
397 2011 456 2073 per
478 1999 583 2055 certos
607 1987 769 2054 scholares
797 1989 840 2054 ad
868 1989 930 2056 hoc
960 1988 1160 2056 ordinandos
1181 1990 1215 2053 in
1241 1988 1412 2076 ecclesiam
1437 1988 1611 2076 importari
1636 2011 1672 2053 ac

249 2086 380 2152 incendi
399 2087 530 2171 faciant,
561 2087 621 2154 sub
647 2110 754 2174 poena
780 2089 916 2156 duorum
941 2112 1130 2176 grossorum
1159 2090 1283 2155 nationi
1309 2087 1577 2155 irremissibiliter
1603 2111 1670 2176 per·

210 2196 240 2250 15
250 2185 486 2253 solvendorum.

249 2361 277 2419 4.
298 2372 345 2420 DE
366 2371 1120 2423 880881188888808188888008808888888
1140 2370 1411 2422 nuncnun'floma
1431 2370 1670 2421 cochlearum.

331 2489 415 2554 Item
435 2487 567 2574 placuit,
590 2485 678 2572 quod
698 2487 875 2554 candelarii
896 2512 957 2576 pro
979 2499 1123 2576 tempore
1143 2489 1318 2555 existentes
1340 2487 1513 2574 diligenter
1533 2496 1568 2554 et
1587 2486 1669 2554 solli·

248 2589 311 2653 cite
332 2589 488 2674 pecunias
518 2587 577 2672 pro
604 2586 812 2652 candelarum
838 2589 1067 2655 reformatione
1088 2611 1107 2654 a
1130 2587 1307 2676 suppositis
1328 2586 1468 2653 nationis
1490 2596 1668 2669 emoneant,

250 2689 296 2752 sio
318 2687 404 2775 quod
425 2687 468 2752 ad
489 2688 595 2751 minus
616 2687 651 2750 in
672 2687 816 2774 quolibet
835 2709 946 2752 mense
966 2687 1114 2774 collegia,
1144 2687 1259 2753 bursas
1289 2710 1328 2752 ac
1349 2686 1415 2752 alia
1432 2685 1518 2770 loca,
1545 2688 1582 2752 in
1602 2688 1668 2775 qni·

207 2787 309 2853 Iobus
332 2788 502 2874 supposita
523 2786 662 2850 nationis
684 2789 877 2852 commorari
906 2789 1073 2869 sciverint,
1103 2785 1275 2873 diligenter
1300 2787 1446 2869 visitent,
1475 2785 1520 2852 ab
1549 2785 1668 2853 eisdem

249 2887 329 2953 duos
351 2909 482 2973 grossos
504 2885 683 2950 emonendo
698 2897 730 2950 et
750 2886 933 2954 huiusmodi
956 2888 1126 2974 supposita
1146 2886 1179 2950 11
1200 2885 1242 2971 gl.
1266 2884 1423 2951 solventia
1443 2886 1479 2950 in
1493 2888 1666 2972 registrum

248 2989 388 3053 nationis
415 2984 632 3068 inscribendo,
659 2987 813 3072 pecunias
842 3009 969 3074 quoque
999 2987 1046 3050 sic
1076 2987 1232 3051 amonitas
1258 2984 1396 3051 fideliter
1423 2986 1611 3069 reservent,
1636 2994 1668 3050 ut

246 3098 393 3174 tempore
414 3108 472 3152 suo
494 3085 535 3151 de
558 3085 680 3151 eisdem
701 3088 823 3153 nationi
844 3088 1003 3159 rationem
1025 3086 1133 3150 facere
1146 3086 1290 3180 possint.

261 3261 288 3319 5.
312 3250 374 3341 [Bl.
395 3250 446 3340 3⁸]
467 3271 514 3317 nn
535 3269 719 3319 8880888888
740 3272 937 3320 8088088888
960 3270 1045 3319 8808
1065 3270 1112 3318 sn
1135 3263 1347 3319 sonvnunuu
1366 3269 1459 3320 nuos
1482 3268 1636 3320 cnossos

205 3363 239 3419 25
572 3370 640 3419 sno
663 3370 832 3420 csnnnms
853 3370 1029 3419 88880888
1050 3368 1279 3419 8888888888.

326 3485 462 3567 Placuit,
486 3484 573 3571 quod
593 3488 742 3572 magistri
762 3487 901 3552 nationis
924 3483 1087 3551 scholares
1109 3506 1184 3549 suos
1200 3483 1241 3549 de
1262 3485 1326 3548 ista
1339 3485 1478 3566 ‚natione
1494 3485 1665 3550 existentes

247 3590 301 3675 pie
321 3586 479 3670 bonisque
501 3584 648 3650 suasibus
668 3584 824 3650 inducant
849 3593 1144 3670 commoneantque,
1172 3593 1207 3646 ut
1227 3582 1309 3670 ipsis
1331 3582 1471 3648 dominis
1492 3583 1665 3650 collectori·

246 3687 306 3752 bus
328 3688 397 3751 sive
411 3684 616 3767 candelariis,
636 3683 852 3749 habitationes
873 3686 1103 3770 magistrorum
1114 3681 1331 3766 visitantibus,
1352 3681 1435 3761 duos
1456 3706 1592 3770 grossos
1611 3707 1666 3772 pro

245 3784 389 3851 candelis
419 3785 559 3849 nationis
591 3783 714 3871 absque
745 3782 999 3849 contradictione
1028 3783 1080 3847 vel
1112 3783 1320 3850 excusatione
1351 3782 1565 3850 affectualiter
1600 3804 1667 3872 per·

205 3887 381 3952 3⁰solvant.

581 4037 608 4097 6.
634 4050 681 4097 nn
705 4043 880 4099 88088880
901 4049 1150 4097 88888888088
1171 4050 1295 4099 88080.

327 4168 407 4234 Item
428 4166 565 4253 placuit,
595 4165 683 4254 quod
708 4166 863 4252 magister
885 4165 1090 4248 examinator
1119 4163 1443 4233 baccalariandorum
1464 4166 1571 4232 factus
1589 4168 1666 4254 ipsis

247 4267 385 4334 dominis
408 4262 602 4332 candelariis
624 4265 809 4331 adiumento
839 4267 881 4329 sit
910 4263 953 4329 ad
976 4264 1189 4331 emonendum
1215 4265 1370 4354 pecunias
1399 4287 1460 4352 pro
1483 4264 1668 4333 candolisa

246 4365 516 4449 baccalariandis,
543 4389 601 4431 suo
629 4364 750 4442 iudicio
778 4373 917 4453 protunc
941 4364 1120 4430 commissis
1149 4374 1181 4430 et
1210 4363 1373 4451 subiectis,
1401 4384 1464 4429 nec
1492 4366 1668 4432 consentiat

204 4467 280 4532 stin
309 4466 445 4532 alicuius
473 4464 717 4533 baccalariandi
746 4464 788 4531 de
813 4465 943 4531 natione
965 4460 1206 4548 admissionem,
1232 4465 1296 4531 nisi
1323 4485 1385 4552 pro
1406 4463 1555 4532 candelis
1576 4463 1666 4532 reali·

188 4619 190 4623 ,
244 4576 294 4632 ter
315 4565 515 4632 satisfecerit.
1393 4567 1402 4582 ²

559 4738 587 4799 7.
608 4748 655 4797 nn
678 4746 801 4798 sromo
823 4749 870 4797 nr
891 4747 1062 4798 08888888
1084 4746 1335 4798 coucnnnums.

326 4864 470 4948 Placuit,
501 4864 587 4953 quod
616 4864 697 4932 nulli
729 4865 969 4952 suppositorum
995 4863 1147 4947 nationis,
1175 4862 1320 4932 debitum
1347 4865 1456 4930 carnis
1482 4862 1664 4954 persolven-

245 4967 335 5048 tium,
357 4965 497 5052 spolium
517 4967 587 5031 sive
609 4964 763 5031 candelae
785 4986 845 5052 pro
868 4986 926 5031 suo
948 4965 1061 5031 fimare
1084 4960 1115 5051 [3
1122 4960 1149 5052 b]
1170 4963 1312 5050 tegendo
1332 4962 1384 5030 vel
1405 4962 1448 5030 ad
1467 4964 1663 5054 sepulturam

203 5060 421 5130 todeferendo
444 5064 638 5131 concedatur
660 5065 730 5130 sive
752 5063 980 5148 concedantur,
1006 5064 1070 5129 nisi
1092 5064 1281 5149 constiterit,
1309 5061 1395 5151 quod
1424 5062 1507 5132 duos
1535 5086 1662 5153 grossos

245 5186 306 5251 pro
329 5158 472 5230 candelis
499 5165 700 5253 persolverit,
726 5174 783 5230 aut
809 5165 861 5230 sui
884 5166 1124 5232 testamentarii
1142 5164 1195 5231 vel
1221 5165 1288 5250 alii,
1315 5161 1438 5253 quibus,
1463 5165 1516 5235 sui
1542 5164 1661 5232 soumis
