3756 6158
254 458 318 525 378
742 458 794 509 Dis
815 457 1041 523 philosophische
1060 457 1188 509 aarum
1263 525 1271 532 ·

251 638 327 704 dam
360 646 513 705 statutum
544 639 731 706 ordinatum
759 641 866 708 extitit
893 649 925 706 et
959 662 1019 727 per
1053 658 1113 707 nos
1141 637 1358 726 approbatum
1384 646 1418 705 et
1443 638 1678 723 confirmatum,

249 736 336 824 quod
367 737 496 836 quidem
522 749 679 807 statutum
708 743 743 806 in
770 742 888 807 effectu
913 738 955 806 de
981 739 1084 806 verbo
1113 739 1219 807 eciam
1244 738 1287 804 ad
1316 738 1453 805 verbum
1481 739 1549 805 tale
1576 748 1679 806 estet

251 839 337 903 inter
358 847 467 906 cetera
489 847 610 907 statuta
630 841 678 907 ita
699 841 896 907 continetur:
1252 860 1254 864 “

372 973 462 1056 Item,
485 973 572 1061 quod
591 973 768 1056 multitudo,
790 972 854 1061 vgl.
876 978 947 1039 oben
967 977 998 1039 S.
1020 977 1090 1057 377,
1112 976 1149 1040 13
1166 974 1210 1034 bis
1305 969 1444 1037 liberam
1465 973 1679 1039 autoritatem.

207 1081 224 1137 5
290 1075 499 1136 Abweiclroode
509 1078 657 1137 Lerorteo
678 1079 748 1160 ried
764 1079 859 1155 ploiek
880 1079 920 1138 im
938 1079 1080 1155 Ansaspe
1099 1068 1203 1158 quod
1226 1081 1301 1133 stott
1319 1072 1421 1159 quia,
1432 1076 1518 1134 ἀαηιι
1539 1070 1678 1137 volentes

288 1172 421 1257 igitur
441 1170 478 1236 Z.
495 1175 735 1254 15,.statuimus
757 1184 796 1239 et
816 1174 1070 1256 ordinamus,
1092 1169 1385 1239 solumsedeoim
1398 1170 1551 1257 magistri
1570 1169 1606 1235 Z.
1634 1177 1680 1255 ¹8,

292 1269 385 1337 salva
405 1279 513 1337 tamen
536 1286 690 1360 semper
710 1275 849 1361 paritate
868 1272 904 1338 Z.
924 1279 974 1342 24.

332 1402 493 1491 Cumque,
521 1413 557 1470 ut
580 1406 763 1493 accepimus
770 1405 953 1490 „nonnulli
979 1398 1167 1471 huiusmodi
1197 1410 1315 1469 statuto
1337 1400 1474 1468 honesto
1503 1412 1537 1468 et
1563 1402 1674 1470 deifico

250 1503 493 1585 contravenire¹
509 1512 541 1568 et
576 1526 611 1570 se
644 1503 764 1589 modis,
797 1505 914 1594 quibus
952 1513 1105 1593 possunt,
1139 1504 1288 1568 nituntur
1319 1523 1501 1590 opponere,
1534 1501 1674 1569 volentes

211 1604 348 1690 roigitur
369 1601 444 1668 huic
473 1596 586 1670 morbo
607 1602 780 1691 pestifero,
803 1614 967 1690 quantum
989 1605 1023 1669 in
1043 1602 1137 1670 nobis
1160 1609 1225 1686 est,
1251 1600 1405 1684 obviare,
1431 1601 1627 1668 mandamus
1647 1603 1692 1668 in.

247 1704 366 1768 virtute
377 1710 507 1769 sanctae
520 1701 727 1768 obedienciae
736 1702 921 1786 huiusmodi
932 1711 1098 1786 statutum,
1114 1724 1174 1790 per
1184 1724 1254 1784 nos,
1268 1709 1305 1767 ut
1319 1702 1551 1790 praemittitur,
1563 1723 1674 1790 appro

246 1802 359 1881 batum
380 1809 412 1867 et
431 1798 672 1885 confirmatum,
698 1802 929 1870 inviolabiliter
959 1811 992 1868 et
1020 1803 1213 1870 inconcusse
1240 1799 1427 1884 observari,
1458 1809 1491 1868 et
1504 1787 1508 1798 ⁴
1521 1801 1568 1885 si,
1598 1800 1677 1888 quod

247 1901 346 1984 absit,
377 1900 493 1988 aliquis
516 1922 573 1966 seu
593 1901 696 1989 aliqui
715 1911 896 1971 memorato
917 1909 1040 1969 statuto
1070 1924 1106 1968 se
1126 1900 1246 1966 vellent
1268 1921 1435 1988 opponere
1455 1899 1674 1988 quovismodo,

246 2000 360 2068 damus
393 2008 425 2066 et
460 1999 664 2066 concedimus
702 2001 825 2068 decano
863 2011 895 2068 et
921 2000 1112 2084 senionbus
1133 2001 1298 2086 magistris
1333 1998 1373 2065 de
1403 1999 1541 2068 concilio
1575 1999 1675 2066 dietae

210 2099 410 2166 ttfacultatis
431 2099 618 2166 huiusmodi
639 2101 894 2168 contradictores
920 2110 958 2168 et*
973 2099 1111 2167 rebelles
1130 2098 1306 2166 secundum
1322 2109 1445 2189 statuta
1460 2099 1570 2166 dictae
1581 2098 1674 2166 facul·

247 2200 324 2264 tatis
355 2198 399 2264 ad
433 2199 542 2265 delicti
574 2199 763 2288 qualitatem
787 2199 1018 2290 compescendi
1053 2209 1085 2266 et
1113 2192 1299 2286 corrigendi
1329 2199 1459 2288 plenam
1489 2209 1523 2266 et
1543 2198 1675 2266 liberam

248 2299 586 2387 potestatem‘harum,
609 2299 725 2388 quibus
748 2300 892 2388 sigillum
912 2308 1064 2369 nostrum
1083 2300 1188 2374 maius
1210 2308 1260 2365 est
1281 2322 1471 2387 appensum,
1493 2300 1674 2366 testimonio

139 2445 140 2448 ,
247 2397 451 2487 litterarum,
471 2398 608 2476 ‚Datum
640 2398 833 2487 Merseburg
871 2422 956 2466 anno
996 2398 1119 2466 domini
1152 2397 1321 2466 millesimo
1356 2399 1673 2487 quadringentesimo

246 2497 494 2585 quadragesimo
522 2506 631 2582 sexto,
658 2498 741 2564 feria
773 2502 887 2586 quinta
927 2499 965 2564 in
996 2497 1111 2586 vigilia
1146 2506 1279 2565 sanctae
1306 2497 1511 2566 Katherinae
1541 2499 1674 2586 virginis

206 2607 243 2664 20
255 2603 351 2674 (1446
373 2602 401 2659 d.
420 2603 469 2667 24.
492 2601 678 2674 November).

327 2713 420 2800 Ego,
441 2714 558 2782 Petrus
578 2713 620 2781 de
636 2713 765 2798 Horra,
786 2692 927 2781 clericus
943 2715 1196 2803 Bambergensis
1224 2715 1365 2781 diocesis
1385 2713 1559 2802 publicus,
1587 2737 1674 2782 sacra

247 2813 410 2902 imperiali
448 2805 627 2883 autoritate
647 2816 807 2898 notarius,
835 2836 1032 2902 recognosco
1058 2813 1158 2881 manu
1176 2837 1249 2882 mea
1268 2814 1422 2901 propria,
1451 2813 1540 2902 qnod
1569 2836 1672 2903 suprs-

248 2915 404 3002 soriptam
421 2916 549 3001 copiam
574 2915 692 3001 scripsi
705 2928 805 2979 manu
819 2936 892 2980 mea
912 2917 1048 3003 propria
1066 2937 1109 2980 ex
1128 2914 1225 2980 litera
1245 2911 1397 3003 originali
1417 2914 1565 2980 eiusdem
1591 2937 1672 2980 rere

245 3013 393 3107 rendirin
415 3011 545 3080 Christo
566 3014 670 3101 patris
692 3035 731 3078 ac
752 3013 876 3080 domini
882 3063 891 3097 ,
908 3014 1031 3080 domini
1049 3014 1222 3097 Iohannis,
1249 3013 1398 3102 episcopi
1419 3012 1665 3100 Mernoburgen·

205 3113 311 3197 ossis,
351 3111 537 3179 cancellarii
556 3112 644 3189 unici
661 3111 765 3180 huius
793 3112 898 3179 almae
918 3113 1121 3201 Lupczensis
1147 3112 1386 3195 universitatis,
1418 3111 1593 3200 sigilloque
1620 3136 1669 3180 sno

242 3213 359 3279 maiori
379 3211 422 3295 ab
444 3221 539 3278 extra
560 3211 601 3277 de
620 3232 697 3278 cera
717 3211 837 3299 glauca
860 3213 1023 3280 communi
1029 3262 1038 3296 ,
1063 3212 1106 3278 ab
1126 3213 1213 3278 intra
1232 3233 1312 3278 vero
1334 3211 1376 3278 de
1398 3233 1476 3278 cera
1495 3212 1615 3296 viridi,
1641 3213 1670 3278 in

244 3311 393 3401 pressula
411 3334 629 3400 pergameneo
649 3334 804 3399 appensa,
827 3312 978 3400 sigillata,
1000 3315 1035 3377 in
1057 3312 1148 3377 cuius
1172 3311 1279 3377 medio
1293 3309 1491 3377 videbantur
1506 3313 1668 3399 ymagines

245 3421 430 3477 sanctorum
450 3413 623 3499 Baptistae
644 3421 676 3476 et
704 3411 894 3496 Laurencii,
922 3413 1050 3480 litterae
1072 3420 1180 3477 autem
1207 3410 1524 3477 circumferenciales
1551 3411 1667 3477 tuorum

248 3511 324 3576 hae:
352 3511 433 3593 SIo
456 3513 509 3598 epi
528 3510 649 3576 Merss:
673 3509 765 3592 Quae
788 3513 882 3598 copia
902 3514 1030 3580 omnino
1052 3511 1226 3578 concordat
1247 3533 1319 3576 cum
1341 3509 1496 3596 originali
1512 3509 1619 3607 litera.
