3756 6158
249 448 309 515 266
823 450 878 501 Das
894 451 1093 515 Frauencolleg.

251 626 428 714 praedicta,
456 638 487 692 ct
515 628 600 717 quod
627 630 761 718 quilibet
787 655 906 713 eorum,
937 641 968 696 et
991 630 1077 717 quod
1105 630 1238 719 quilibet
1267 652 1432 698 successor
1456 629 1667 716 cuiuscrmque

253 728 397 812 ipsorum
429 730 461 792 in
494 728 628 815 collegio
655 729 766 795 eodem
794 730 979 796 immediate
1006 740 1080 817 post
1108 753 1200 795 suam
1226 730 1412 794 electionem
1438 729 1540 791 iuret:
1578 726 1667 807 liber·

251 834 333 890 tates
356 827 496 892 nationis
519 851 597 894 suae
618 828 703 895 velle
729 828 900 895 defendere
922 840 954 895 et
980 830 1098 894 bonum
1120 831 1271 910 nationis,
1298 828 1342 892 ad
1363 849 1589 914 quemcunque
1609 838 1665 891 sta·

249 934 315 988 tum
337 928 531 1011 pervenerit,
554 950 740 1014 procurare,
770 939 801 992 et
821 929 939 1011 omnia,
967 951 1048 1014 quae
1069 927 1228 1016 relinquet
1249 929 1283 992 in
1303 926 1420 1008 studio,
1442 936 1666 1012 postmortem

207 1035 223 1087 5
249 1047 342 1088 suam
369 1026 438 1090 sine
460 1025 534 1092 dolo
556 1036 588 1091 et
614 1026 728 1092 fraude
751 1026 890 1092 debeant
916 1048 1057 1109 manere,
1088 1037 1243 1115 quantum
1272 1027 1306 1091 in
1333 1048 1370 1090 eo
1397 1037 1462 1107 est,
1490 1047 1552 1111 pro
1579 1046 1666 1111 prae

249 1122 344 1188 dictis
367 1123 544 1210 collegiatis
567 1135 598 1191 et
620 1124 861 1191 successoribus
882 1147 1003 1191 eorum.

331 1224 413 1289 Item
434 1225 517 1308 volo,
547 1225 634 1314 quod
662 1224 834 1310 collegium
856 1225 943 1291 istud
970 1212 1122 1291 hmdetur
1143 1228 1176 1291 in
1196 1227 1406 1291 universitate
1427 1223 1598 1311 Liptzensi
1617 1231 1667 1286 aut

251 1322 420 1410 Pragensi,
443 1325 469 1388 si
491 1325 587 1390 fuerit
607 1325 791 1407 reformata,
814 1334 845 1388 et
863 1324 959 1409 quod,
979 1325 1152 1391 decedente
1167 1348 1230 1391 uno
1245 1329 1390 1414 ipsorum
1404 1335 1461 1389 aut
1475 1323 1667 1408 resignante,

249 1420 304 1486 alii
326 1421 469 1488 habeant
489 1424 608 1509 eligere
628 1425 662 1488 in
688 1422 793 1488 locum
823 1445 916 1487 suum
938 1423 1038 1488 alium
1058 1424 1099 1489 de
1121 1424 1233 1489 eadem
1264 1425 1443 1511 provincia,
1465 1421 1506 1487 de
1528 1443 1595 1507 qua
1613 1421 1667 1485 fuit

211 1529 240 1584 ιθ
250 1521 409 1586 decedens
438 1532 493 1587 aut
521 1525 702 1609 resignans,
732 1524 780 1588 sic
806 1528 924 1605 tamen,
954 1522 1041 1608 quod
1071 1546 1152 1589 unus
1180 1525 1334 1611 magister
1355 1523 1396 1588 de
1418 1521 1528 1588 Sleaia
1551 1520 1666 1608 pracsi-

249 1619 347 1703 debit,
369 1621 424 1709 qui
445 1619 569 1685 adhoc
590 1644 649 1709 per
670 1623 834 1687 nationem
854 1630 999 1686 nostram
1020 1622 1117 1687 fucrit
1139 1623 1320 1709 deputatus.

328 1718 409 1783 Item
429 1719 512 1801 volo,
542 1720 637 1807 quod,
666 1719 921 1808 quandocunque
947 1720 1063 1806 aliquis
1085 1720 1212 1787 illorum
1233 1720 1477 1807 collegiatomm
1498 1718 1598 1784 buerit
1617 1715 1666 1782 ab

248 1839 322 1882 sens
342 1817 428 1883 ultra
447 1840 590 1883 mensem
610 1820 645 1884 in
666 1840 731 1884 uno
754 1841 849 1901 anno,
875 1818 961 1906 quod
983 1829 1060 1885 tunc
1081 1820 1164 1886 alius
1186 1821 1343 1908 magister
1362 1828 1456 1885 extra
1476 1816 1560 1883 illud
1581 1815 1666 1883 colle

246 1919 335 2000 gium
354 1915 473 1982 habeat
493 1939 584 1982 usum
605 1919 766 1983 fructuum
787 1916 930 1982 absentis
953 1929 984 1983 et
1005 1918 1131 1984 laboret
1151 1940 1211 2007 pro
1235 1919 1356 1985 eodem.

210 2025 238 2077 15
330 2015 411 2080 Item
433 2017 519 2102 quod
542 2016 675 2104 quilibet
696 2039 806 2082 eorum
828 2017 963 2103 singulis
984 2017 1098 2082 diebus
1121 2029 1191 2083 oret
1213 2040 1344 2083 cursum
1365 2016 1406 2081 de
1425 2014 1526 2081 beata
1537 2016 1666 2102 virgine,

246 2128 278 2178 et
298 2114 432 2200 quilibet
453 2139 572 2191 eorum,
600 2116 657 2204 qui
677 2116 774 2181 fuerit
801 2116 982 2203 presbyter,
1011 2116 1099 2202 legat
1127 2119 1161 2181 in
1188 2115 1334 2205 qualibet
1362 2116 1549 2202 septimana
1571 2134 1665 2179 'unam

246 2215 378 2279 missam
399 2213 632 2298 defunctorum,
660 2223 692 2278 et
719 2238 784 2280 non
812 2216 984 2302 presbyter
1012 2215 1110 2280 semel
1132 2215 1263 2301 vigilias
1285 2215 1501 2282 illectionum
1522 2235 1586 2302 pro
1603 2214 1666 2279 fim-

249 2312 418 2378 datoribus
439 2325 471 2378 et
491 2314 565 2379 aliis
583 2314 844 2381 benefactoribus
866 2313 1026 2401 praedicti
1047 2315 1174 2402 collegii
1196 2316 1331 2380 mortuis
1354 2323 1386 2378 et
1407 2312 1578 2378 defunctis.

330 2413 411 2477 Item
434 2413 521 2500 quod
552 2412 688 2499 quilibet
708 2437 819 2479 eorum
841 2413 952 2479 audiat
973 2412 1126 2480 lectiones
1149 2416 1183 2479 in
1212 2436 1307 2480 sacra
1324 2399 1499 2498 'theologia
1527 2422 1561 2476 et
1585 2410 1666 2476 labe

206 2521 299 2577 noret
318 2512 353 2576 in
375 2512 510 2596 artibus,
530 2535 632 2600 usque
655 2535 718 2602 quo
741 2515 906 2600 contingat
926 2535 998 2578 eum
1018 2513 1126 2599 legere
1148 2515 1332 2579 sentmdas.
1361 2511 1407 2577 Et
1426 2510 1528 2577 linitis
1548 2519 1666 2575 senten·

245 2613 299 2676 tiis
327 2611 494 2698 praedicet
518 2611 570 2677 vel
598 2611 687 2698 legat
713 2613 747 2677 in
774 2634 869 2677 sacra
897 2611 1069 2697 theologia,
1099 2613 1275 2678 secundum
1304 2608 1390 2699 quod
1416 2608 1585 2675 videbitur
1611 2608 1667 2674 sibi

245 2710 409 2798 expedire.

328 2810 410 2875 Item
438 2810 525 2898 quod
553 2812 661 2876 senior
684 2808 857 2897 presbyter
884 2808 925 2907 de
951 2810 1059 2876 Slenia
1085 2813 1120 2875 in
1148 2810 1261 2877 eodem
1288 2807 1425 2895 collegio
1451 2804 1576 2873 habeat
1601 2805 1668 2873 reli·

246 2912 337 2998 quias
367 2931 457 2975 meas
491 2921 522 2974 et
554 2909 687 2975 calicem
718 2909 760 2974 ad
791 2909 910 2991 vitam,
943 2918 975 2974 et
1008 2918 1082 2996 post
1112 2931 1185 2974 eum
1210 2911 1328 2975 iterum
1356 2909 1464 2973 senior
1492 2904 1535 2972 de
1561 2905 1669 2973 eadem

203 3010 424 3097 25provincia.
1243 3038 1244 3042 ¹

325 3107 417 3191 Item,
446 3111 474 3174 si
495 3109 630 3174 Pruteni
652 3107 813 3174 noluerint
836 3129 908 3172 esse
936 3109 1092 3188 contenti,
1122 3107 1203 3172 nihil
1230 3106 1323 3172 detur
1343 3108 1402 3190 eis,
1430 3107 1495 3170 nisi
1519 3114 1670 3194 qnantum

244 3208 285 3272 de
308 3208 378 3272 iure
398 3209 524 3296 possint
545 3217 577 3273 et
598 3206 717 3272 debent
737 3205 868 3288 habere,
891 3206 1027 3292 quiade
1047 3206 1196 3272 omnibus
1214 3208 1344 3272 testatis
1357 3204 1437 3271 mihi
1460 3204 1669 3292 promotione

245 3329 307 3371 non
332 3318 466 3393 possent
487 3306 608 3372 habere
628 3330 726 3372 unum
747 3304 953 3392 collegiatam
976 3308 1009 3370 in
1030 3303 1086 3370 illo
1108 3305 1244 3391 collegio
1266 3304 1441 3371 fundando.

326 3407 417 3489 Item,
438 3430 502 3471 non
524 3405 726 3470 obstantibus
750 3405 992 3491 suprascriptis,
1014 3404 1098 3486 volo,
1119 3405 1206 3490 quod
1229 3407 1487 3492 suprascriptum
1498 3402 1670 3490 collegium

203 3507 325 3571 aofiat¹
356 3508 389 3570 in
424 3505 544 3588 Slesia,
582 3505 610 3570 si
647 3515 678 3569 et
716 3504 897 3591 ubicunque
933 3505 967 3567 in
1006 3525 1045 3568 ea
1079 3503 1269 3569 fundabitur
1306 3502 1447 3568 studium
1485 3502 1670 3590 privilegia·

245 3615 311 3670 tum
314 3652 533 3673 ........

764 3751 1094 3762 --...-----

763 3761 1094 3771 --.-.-.---

332 3979 343 4028 1
365 3971 450 4028 Wohl
467 3972 601 4044 gemerkt,
618 3986 648 4025 es
665 3967 749 4023 heisst
758 3969 820 4036 fiat,
839 3965 917 4020 nicht
934 3971 1129 4037 transferatur,
1149 3968 1199 4022 wie
1216 3983 1246 4023 es
1265 3965 1337 4022 auch
1355 3965 1427 4021 oben
1445 3965 1546 4018 heiast:
1569 3967 1671 4036 fiands·

246 4067 290 4110 tor
308 4059 338 4111 ia
353 4057 530 4112 universitate
547 4054 690 4127 Liptaauai
705 4060 753 4106 aiu
771 4051 923 4121 Processi!
957 4050 1150 4123 Monaterbcrg
1167 4051 1215 4122 lag
1232 4049 1363 4105 hiernach
1380 4050 1429 4105 der
1446 4049 1585 4107 Gadanke
1601 4065 1670 4121 ganz

246 4141 313 4210 farn,
336 4141 400 4194 dass
420 4141 471 4196 das
488 4139 592 4211 Colleg,
615 4136 748 4192 nachdem
767 4151 796 4189 es
814 4133 914 4190 einmal
932 4133 961 4188 in
980 4133 1099 4206 Leipzig
1115 4133 1240 4190 wirklich
1264 4152 1314 4189 zur
1332 4132 1491 4205 Griindnng
1507 4133 1670 4204 gekommen

246 4225 292 4293 sei,
310 4228 402 4296 apter
419 4224 491 4280 noch
509 4224 589 4279 sollte
605 4221 711 4291 verlegt
728 4219 836 4273 werden
855 4219 974 4273 kdnnen.
1003 4218 1064 4274 Nur
1079 4219 1124 4272 dia
1134 4217 1219 4273 Wahl
1236 4220 1285 4273 der
1302 4224 1393 4275 ersten
1409 4218 1573 4289 Griindnng
1588 4215 1670 4272 fauts

245 4327 275 4364 cr
292 4309 335 4363 ins
352 4310 441 4380 Auge.
475 4309 530 4364 Um
548 4306 621 4362 scine
638 4303 857 4359 schwankeudcn
876 4303 1102 4372 BestImmungen
1120 4319 1193 4372 gana
1212 4320 1247 4356 au
1264 4301 1414 4373 bagreifen,
1437 4318 1513 4355 mnas
1530 4317 1597 4356 man
1614 4299 1670 4356 sich

245 4391 523 4464 vergegenwitrtigen,
544 4390 609 4445 dass
630 4390 675 4444 die
693 4387 881 4444 Verhiiltnisse
899 4388 949 4441 der
967 4387 1137 4443 Universitttt
1153 4388 1182 4440 in
1204 4387 1257 4441 den
1276 4392 1368 4441 ersten
1384 4383 1493 4440 Jahren
1509 4383 1584 4439 nach
1600 4383 1670 4440 ihrer

245 4477 401 4547 Griindung
419 4474 492 4530 noch
508 4473 570 4528 sehr
585 4472 714 4527 unsicher
729 4488 820 4527 waren
837 4471 893 4525 und
911 4488 941 4524 es
957 4468 1035 4524 nicht
1052 4470 1106 4526 fest
1124 4471 1214 4539 stand,
1232 4470 1269 4525 ob
1281 4469 1354 4525 ihres
1365 4466 1497 4523 Bleibeu
1513 4468 1543 4522 in
1554 4467 1669 4539 Leipzig

245 4561 304 4617 sein
320 4559 419 4615 wiirde.
443 4557 534 4614 Selbst
551 4556 622 4612 noch
642 4561 706 4612 1429
724 4554 879 4611 bestimmte
896 4553 1028 4623 Henning
1045 4553 1193 4623 Hildsnsis,
1210 4555 1301 4609 indam
1319 4553 1426 4608 erdem
1442 4567 1561 4624 grossen
1577 4551 1669 4622 Colleg

245 4647 306 4701 eine
322 4644 410 4699 Barac
428 4643 571 4698 iiberlicss:
599 4642 677 4695 debd
695 4643 788 4695 amissa
807 4640 889 4692 burso
906 4640 947 4691 od
961 4639 1071 4692 man
1088 4641 1247 4707 accpisti-ran
1266 4637 1442 4706 Heuaiaysm
1459 4637 1547 4690 libere
1563 4635 1667 4703 madi,

245 4732 272 4784 ai
288 4731 318 4783 io
333 4730 393 4783 vito
409 4746 460 4783 aaa
482 4727 647 4781 ostracitae
664 4724 824 4795 Liparensis
840 4723 956 4777 cambit
972 4721 1015 4774 vet
1033 4722 1218 4791 dmokatm
1243 4720 1297 4792 agl.
1317 4719 1389 4775 oben
1407 4724 1464 4788 tat,
1481 4725 1522 4776 39.
1557 4719 1598 4775 Ε·
1613 4735 1668 4773 war

245 4812 331 4868 daber
347 4830 394 4868 nm
419 4816 481 4866 1416
498 4827 550 4881 gar
567 4808 638 4864 wohl
657 4809 685 4862 in
703 4806 900 4877 Ueberlegung
917 4823 952 4859 sn
971 4803 1073 4872 sichen,
1097 4803 1133 4858 ob
1153 4821 1217 4859 man
1233 4802 1359 4860 wlrklich
1377 4803 1407 4858 in
1424 4803 1544 4875 Ieipsig
1559 4803 1665 4859 hiabat

246 4897 302 4952 und
324 4897 388 4951 dort
409 4894 454 4950 die
471 4892 628 4965 Griindung
649 4893 699 4947 des
715 4890 826 4961 Collega
844 4888 1010 4944 vomehrnen
1027 4887 1113 4943 nollo.
1140 4888 1289 4944 Vislleicht
1311 4889 1399 4959 hltngt
1420 4886 1467 4942 die
1486 4885 1665 4958 mahrjttlniga

249 4982 396 5052 zdgerung
414 4978 457 5034 bis
480 4992 530 5032 zur
546 4975 735 5046 Aufriohtnng
754 4973 803 5029 des
820 4971 930 5043 college
951 4970 1048 5026 hismit
1066 4987 1233 5027 zusammen.
1265 4970 1408 5029 Naehdem
1432 4986 1498 5024 man
1522 4970 1591 5027 abar
1609 4967 1663 5025 doh

245 5063 328 5119 daffir
350 5061 525 5118 antachieden
549 5059 606 5114 und
627 5065 690 5116 14²2
715 5057 761 5114 dle
779 5057 988 5126 Anerkannnng
1011 5055 1060 5109 des
1083 5054 1193 5128 Collega
1216 5074 1271 5113 von
1297 5054 1391 5112 Smten
1415 5054 1464 5111 des
1486 5051 1660 5126 mant·

245 5146 386 5220 eingeholt
402 5145 487 5213 hatte,
504 5144 597 5199 durfte
614 5159 679 5201 man
696 5139 775 5197 nieht
789 5140 880 5196 fernes
896 5139 1024 5209 einsoitig
1041 5155 1077 5194 an
1094 5138 1156 5195 eine
1173 5141 1334 5212 Varlsgung
1351 5138 1471 5196 denhem
1502 5137 1557 5194 Dia
1571 5135 1657 5207 aaa
