3756 6158
549 463 762 525 Bestimmungen
780 476 828 511 aar
846 462 905 510 dem
923 461 1006 511 Jahre
1027 461 1097 512 toto.

274 643 410 710 Doctori
432 642 564 718 alterius
587 642 752 707 facultatis
785 693 793 706 .
836 693 845 707 .
889 692 896 706 .
936 695 943 708 .
985 693 991 707 .
1032 693 1039 706 .
1085 694 1091 707 .
1133 691 1140 705 .
1186 687 1193 702 .
1236 689 1245 703 .
1286 645 1358 723 3ss

275 741 641 808 Licentiatoalterius.
684 794 689 806 .
732 791 740 806 .
781 793 788 807 .
828 792 835 806 .
880 795 885 806 .
932 791 940 805 .
987 790 994 802 .
1037 791 1044 805 .
1086 793 1092 805 .
1138 795 1144 807 .
1185 789 1192 803 .
1235 790 1241 804 .
1285 746 1338 805 2·

275 841 434 928 Magistro
457 841 590 907 alterius
631 890 1245 907 .............
1291 847 1302 903 l
1328 875 1339 884 ·

278 941 414 1006 Famula
437 943 657 1005 universitatis
686 988 1243 1008 ............
1285 944 1304 1004 2
1326 940 1361 984 ·¹

590 1124 648 1189 111.
677 1119 722 1209 [S.
743 1120 785 1211 9.]
813 1141 859 1188 os
882 1141 1056 1190 coururo.
1555 1134 1572 1188 a

809 1264 834 1322 1.

199 1374 393 1461 Computus,
426 1382 461 1437 ut
488 1375 522 1437 in
551 1374 693 1460 acceptis
723 1385 755 1436 et
781 1375 932 1460 expensis
963 1375 1070 1437 minus
1098 1374 1218 1437 erroris
1250 1371 1398 1437 accidere
1420 1376 1532 1461 possit,

114 1474 251 1562 singulis
274 1475 368 1537 annis
391 1495 411 1537 a
433 1470 565 1554 decano,
587 1484 623 1537 ut
647 1498 667 1537 a
689 1471 866 1536 maioribus
890 1485 939 1536 est
962 1484 1116 1538 statutum
1144 1482 1175 1536 et
1207 1472 1435 1554 observatum,
1463 1473 1532 1538 fieri

113 1574 218 1655 debet,
238 1572 335 1660 idque
357 1572 413 1636 fiat
434 1574 466 1636 in
489 1571 542 1636 die
563 1573 765 1653 Laurentii,²
799 1574 825 1636 si
852 1571 1015 1637 adfuerint
1036 1595 1146 1638 ornnes
1168 1571 1335 1654 doctores3
1367 1572 1532 1638 eteoclem

114 1674 167 1739 die
188 1673 238 1738 vel
261 1670 449 1759 paulopost
469 1671 611 1736 decanus
628 1670 829 1737 inhonorem
848 1671 966 1752 Lucae,
992 1671 1210 1757 evangelistae
1220 1685 1252 1735 et
1261 1672 1388 1753 medici,
1401 1684 1531 1760 sumptu
1543 1685 1574 1739 10

115 1775 233 1838 aerarii
255 1770 441 1836 doctoribus
472 1772 512 1834 de
541 1769 674 1835 consilio
700 1770 863 1835 facultatis
892 1794 1023 1836 coenam
1047 1770 1216 1854 exhibeat,
1244 1771 1404 1856 adquam
1427 1784 1534 1838 tamen

115 1871 356 1937 benevolentiae
380 1893 478 1934 causa
500 1870 614 1955 reliqui
637 1870 784 1935 doctores
806 1872 885 1933 artis
909 1870 1062 1951 medicae,
1085 1872 1139 1956 qui
1160 1894 1224 1935 non
1245 1881 1320 1934 sunt
1340 1869 1380 1935 de
1401 1872 1535 1937 oonsilio

119 1970 293 2050 facultatis,
315 1981 355 2049 et,
378 1971 404 2032 si
427 1968 515 2033 locus
538 1971 648 2051 f'uerit,
672 1971 769 2033 etiam
791 1968 946 2034 licentiati
969 1969 1110 2033 eiusdem
1137 1972 1217 2033 artis
1239 1973 1369 2034 invitari
1392 1984 1536 2057 possunt.

408 2152 463 2217 lv.
486 2148 530 2238 [S.
549 2150 596 2238 to]
620 2170 687 2216 sao
711 2169 909 2217 coueoamn
932 2171 1036 2217 mrsu
1058 2169 1251 2218 ooo'rosas.

821 2311 842 2368 l.
1543 2317 1573 2372 tt

199 2420 247 2484 Ne
270 2442 333 2506 qua
355 2420 489 2483 offensio
510 2420 543 2482 in
565 2432 731 2504 posterum
747 2422 829 2482 inter
843 2419 991 2483 doctores
1006 2419 1129 2484 oboriri
1145 2421 1257 2506 possit,
1279 2421 1423 2487 decrevit
1440 2423 1538 2487 facul·

118 2532 177 2603 tas,
200 2531 244 2603 ut,
266 2521 292 2582 si
316 2521 388 2606 quis
411 2530 543 2583 vocetur
565 2518 607 2582 ad
630 2541 773 2603 aegrum,
793 2541 887 2605 quem
912 2518 994 2582 alius
1015 2517 1126 2583 doctor
1149 2522 1180 2582 in
1204 2542 1281 2583 cura
1303 2521 1415 2604 habet,
1443 2527 1470 2587 is
1495 2521 1538 2588 ad

121 2642 192 2683 eum
216 2620 327 2683 venire
354 2640 417 2683 non
448 2630 588 2699 recuset,
612 2620 638 2680 si
662 2640 732 2680 cum
763 2617 925 2682 voluntate
948 2630 979 2682 et
1004 2617 1089 2681 bona
1110 2621 1218 2703 gratia
1239 2619 1373 2686 alterius
1396 2623 1538 2688 doctoris

119 2718 152 2782 id
174 2718 238 2783 fiat.

816 2821 842 2880 2.
1545 2831 1580 2888 20

203 2933 299 3013 Quod
328 2936 354 2997 si
384 2935 522 3020 priorem
552 2932 714 2996 dimittere
744 2954 841 3016 aeger
868 2930 1022 3011 voluerit,
1048 2932 1081 2995 id
1104 2955 1168 2996 non
1191 2934 1346 3000 concedat
1367 2936 1458 3018 alter,
1485 2941 1539 3026 qui

125 3035 285 3121 posterius
307 3045 438 3096 vocatus
460 3046 522 3109 est,
551 3033 614 3095 imo
637 3046 762 3093 recuset
784 3053 873 3094 suam
896 3052 1039 3116 operam,
1071 3033 1132 3094 nisi
1164 3036 1252 3117 prior
1274 3039 1369 3100 etiam
1396 3038 1540 3103 medicus

120 3135 302 3198 retineatur.

820 3252 848 3311 3.

202 3368 236 3431 Si
267 3387 343 3430 vero
373 3387 470 3449 aeger
502 3365 630 3428 omnino
651 3386 713 3427 non
737 3361 814 3425 velit
840 3361 979 3448 amplius
1007 3364 1052 3426 uti
1081 3365 1199 3449 prioris
1222 3387 1337 3451 opera,
1362 3376 1429 3432 tum
1459 3369 1583 3437 alterat

122 3491 187 3532 non
211 3465 355 3546 accedat,
377 3467 439 3527 nisi
461 3465 560 3549 priori
583 3463 708 3526 medico
731 3462 930 3526 satisfactum
952 3463 1049 3526 fuerit
1069 3484 1129 3548 pro
1152 3486 1211 3527 sua
1233 3487 1342 3550 opera.

747 3606 792 3696 [S.
812 3609 860 3697 ll]
888 3618 917 3677 4.

208 3732 336 3819 Siquis
359 3731 449 3817 prius
472 3728 611 3814 aliquem
636 3731 762 3791 curavit
783 3751 927 3813 aegrum,
950 3740 983 3793 et
1004 3729 1144 3793 nondum
1168 3754 1226 3817 pro
1249 3730 1305 3796 illa
1327 3756 1427 3818 opera
1450 3738 1541 3799 satis-

126 3835 249 3898 factum
269 3833 310 3895 sit
332 3832 410 3917 ipsi,
440 3841 471 3891 et
493 3828 532 3891 de
554 3851 637 3891 novo
660 3837 772 3913 postea
793 3826 834 3890 ad
857 3829 992 3892 eundem
1016 3852 1147 3913 aegrum
1171 3844 1314 3915 vocatur,
1336 3834 1432 3897 debet
1455 3834 1543 3898 illum

126 3930 335 4018 gratitudinis
366 3932 457 4016 prius
485 3927 666 3992 admouere.
710 3926 805 4006 Quod
836 3928 862 3990 si
891 3927 933 3991 ad
964 3929 1046 3992 hune
1075 3929 1325 3996 admonitionem
1352 3933 1441 3998 illum
1468 3933 1584 3998 reli-30

127 4032 233 4120 querit
254 4041 285 4093 et
307 4030 404 4093 alium
430 4028 593 4092 doctorem
617 4029 797 4108 vocaverit,
828 4028 854 4089 ie
878 4028 973 4092 debet
1003 4052 1122 4113 negare
1154 4054 1245 4094 suam
1267 4053 1418 4118 operam,
1441 4030 1544 4097 donec

127 4133 228 4218 priori
249 4129 450 4195 satisfactum
472 4129 521 4192 sit.

1597 3686 1619 3717 Ο

822 4249 849 4309 5.

209 4364 243 4428 Si
272 4363 344 4449 quis
375 4383 416 4425 ex
446 4361 554 4444 aegris
576 4370 670 4423 vocat
691 4356 854 4423 doctorem
873 4359 1048 4440 medicum,
1072 4360 1114 4424 ad
1142 4384 1237 4446 quem
1266 4366 1425 4451 principio
1453 4364 1542 4429 scho-

126 4464 204 4528 laris
224 4464 285 4526 fuit
299 4460 473 4543 adhibitus,
496 4460 537 4524 ad
560 4481 631 4522 eum
656 4461 765 4522 venire
788 4457 917 4545 quidem
938 4458 1050 4522 doctor
1071 4459 1176 4543 debet,
1199 4464 1256 4526 sed
1280 4486 1318 4527 ea
1339 4476 1445 4529 tamen
1468 4470 1585 4528 con-35

214 4720 224 4768 l
246 4712 346 4782 Spiter
362 4710 397 4764 ist
416 4709 517 4763 daraus
536 4708 596 4763 eine
614 4714 628 4762 3
647 4706 784 4778 gemacht.

212 4803 227 4852 2
244 4797 306 4851 Von
327 4794 442 4849 auderet
459 4792 541 4846 fland
567 4792 603 4845 ist
627 4791 745 4845 dariiber
769 4790 948 4862 geschrieben
969 4791 999 4844 iu
1017 4795 1139 4862 Ama
1165 4795 1225 4863 (der
1242 4795 1306 4866 Tag
1323 4797 1469 4850 Laarasui
1485 4794 1548 4849 taut

128 4879 180 4936 auf
196 4882 248 4954 den
268 4886 305 4934 tu.
322 4881 458 4949 August),
478 4880 570 4946 spiiter
594 4875 630 4928 ist
651 4875 710 4929 dies
738 4893 767 4929 so
792 4874 907 4929 wieder
925 4875 1012 4930 Name
1031 4877 1237 4948 ausgestn'chen
1263 4879 1318 4934 und
1342 4879 1425 4934 dafrtr
1442 4896 1478 4934 aa
1494 4880 1547 4935 deu

128 4963 210 5019 Reno
226 4961 420 5034 geschrieben:
446 4961 538 5015 Cosmi
556 4969 581 5013 et
599 4961 736 5013 Domiam'
757 4961 797 5012 ad
812 4960 896 5026 finem
922 4959 1087 5030 Septerubris
1110 4960 1164 5030 (ihr
1184 4961 1248 5033 'fag
1269 4962 1332 5017 ffllt
1358 4962 1409 5018 auf
1431 4964 1484 5019 den
1507 4969 1547 5021 27.

128 5047 317 5119 September);
339 5045 405 5100 aber
429 5043 501 5099 auch
521 5044 579 5098 dias
603 5044 638 5096 ist
663 5044 760 5098 wieder
784 5042 990 5114 ausgestrichsn
1008 5044 1062 5098 und
1080 5044 1164 5100 dafdr
1181 5045 1375 5117 gasaht-ichen:
1399 5050 1436 5106 1)¹
1454 5050 1548 5104 Lm

129 5134 310 5204 euangelistae
329 5132 365 5203 xd.
387 5135 424 5184 li.
446 5130 584 5199 October).
