3756 6158
260 473 321 536 242
831 472 885 521 Das
902 472 990 523 hlaine
1008 472 1113 536 Colleg.

258 663 368 740 partes
390 650 604 737 supradictas,
631 649 761 714 easdem
784 651 967 719 inducendo
997 662 1094 738 atque
1121 651 1287 717 suadendo
1307 653 1370 717 viis
1393 674 1432 717 ac
1461 655 1677 739 persuasioni·

259 751 319 816 bus
341 748 537 832 melioribus,
567 746 684 835 quibus
711 760 896 836 potuerunt,
925 751 1110 817 atmodum
1139 751 1332 816 concordiae
1355 751 1566 838 supradictae
1592 774 1676 818 assu·

257 860 381 915 merent
401 848 526 934 sibique
547 849 630 934 ipsis
653 845 957 936 conptbpulerent
978 853 1011 915 in
1030 851 1091 916 hac
1119 862 1221 939 parte,
1249 860 1281 915 et
1305 850 1437 914 tandem
1456 850 1499 917 ab
1521 851 1678 918 ambabus

257 948 416 1035 partibus,
448 947 557 1012 multis
578 947 730 1011 hincinde
752 951 936 1035 propositis,
967 973 1158 1015 consensum
1188 949 1408 1033 obtinuerunt,
1438 973 1535 1036 quem
1563 958 1679 1037 expost

216 1059 231 1112 5
260 1047 344 1112 dicto
357 1046 535 1112 reverendo
547 1046 634 1132 patri
653 1046 838 1112 retulerunt.
864 1047 938 1131 Qui,
960 1047 1117 1114 ambabus
1134 1048 1282 1135 partibus
1294 1050 1428 1132 vocatis,
1449 1049 1536 1116 dicto
1550 1049 1678 1115 domino

257 1146 382 1212 doctori
404 1145 605 1211 Theoderico
627 1145 667 1210 de
687 1145 944 1229 Buckinssdorff,
975 1148 1148 1231 ordinario,
1170 1149 1345 1230 commisit,
1371 1158 1407 1212 ut
1431 1150 1466 1213 in
1494 1149 1678 1236 praesentia

255 1244 424 1311 ambarum
446 1245 588 1331 partium
609 1243 806 1311 voluntatem
829 1248 897 1311 eius
916 1247 1037 1312 eisdem
1058 1246 1245 1335 explicaret.
1274 1246 1339 1327 Qui
1359 1250 1394 1311 in
1414 1245 1585 1313 ambarum
1607 1269 1677 1334 par·

256 1347 337 1409 tium
369 1344 555 1431 praesentia
583 1345 712 1408 nomine
741 1342 821 1408 dicti
847 1345 1018 1410 reverendi
1049 1347 1152 1433 patris
1182 1346 1447 1432 compositionem
1475 1344 1677 1412 amicabilem

254 1446 339 1509 inter
360 1452 470 1531 partes
491 1441 677 1530 praedictas
698 1441 877 1532 explicavit
896 1446 932 1510 in
951 1444 1013 1511 hiis
1035 1444 1241 1533 sequentibus
1262 1443 1372 1510 verbis
1392 1446 1428 1510 in
1448 1444 1583 1511 effectu:

216 1554 248 1608 10
336 1541 539 1626 „Reverendi
561 1541 724 1626 magistri!
759 1542 798 1606 In
815 1545 880 1608 ista
901 1544 1074 1626 discordia,
1101 1547 1185 1609 inter
1207 1542 1376 1629 collegium
1397 1545 1504 1611 minus
1525 1555 1560 1609 et
1579 1547 1678 1631 magi·¹

255 1652 356 1707 strum
376 1641 510 1708 Petrum
531 1640 646 1705 Pirner
669 1663 767 1727 super
787 1663 894 1727 poena
915 1645 1137 1731 suspensionis
1156 1655 1189 1708 et
1210 1641 1283 1708 aliis
1308 1666 1393 1709 nunc
1415 1665 1525 1709 coram
1546 1644 1676 1711 domino

255 1764 327 1807 meo
359 1742 502 1827 gratioso
533 1740 710 1833 propositis
743 1750 872 1824 exorta,
904 1742 990 1808 facto
1018 1745 1251 1831 compromisso
1278 1744 1313 1807 in
1344 1744 1412 1808 eius
1438 1744 1676 1831 paternitatem,

254 1840 426 1906 videbatur
454 1839 584 1905 domino
610 1860 681 1904 meo
710 1841 865 1924 gratioso,
892 1840 979 1927 quod
1007 1841 1088 1908 nihil
1116 1840 1314 1907 arbitraliter
1340 1841 1497 1908 diffiniret
1523 1845 1590 1908 ista
1609 1844 1678 1908 vice

253 1942 316 2006 nisi
344 1939 385 2005 de
412 1961 571 2005 consensu
599 1938 769 2004 ambarum
797 1942 940 2025 partium
971 1962 1139 2027 expresso,
1167 1942 1196 2006 si
1221 1940 1358 2006 eundem
1381 1937 1498 2029 'posset
1521 1940 1675 2007 obtinere.

216 2050 247 2104 15
255 2039 397 2127 Ideoque
418 2040 507 2103 misit
536 2037 578 2102 ad
599 2060 657 2103 vos
680 2037 899 2103 venerabilem
920 2040 1027 2105 virum
1048 2039 1213 2106 doctorem
1233 2040 1407 2106 Iohannem
1428 2040 1556 2107 Witten
1577 2050 1610 2106 et
1628 2062 1676 2104 me

253 2161 319 2203 una
346 2160 465 2221 secum,
497 2147 532 2203 ut
563 2136 695 2202 modum
723 2159 743 2202 a
771 2131 966 2224 paternitate
996 2127 1056 2204 sua
1089 2147 1278 2225 conceptum
1304 2138 1398 2205 vobis
1431 2139 1675 2227 explicaremus,

254 2259 349 2324 quem
372 2239 469 2303 etiam
491 2235 650 2303 ambabus
672 2235 820 2322 partibus
842 2237 1079 2324 explicavimus
1102 2237 1277 2303 secundum
1305 2238 1392 2325 quod
1420 2240 1521 2321 scitis,
1549 2248 1585 2304 et
1605 2260 1673 2305 eon-

254 2358 383 2401 sensum
404 2336 574 2402 ambarum
595 2337 739 2423 partium
761 2334 929 2401 retulimus
951 2336 1081 2402 domino
1103 2346 1214 2401 nostro
1235 2338 1390 2423 gratioso,
1412 2338 1468 2425 qui
1489 2359 1579 2403 nune
1599 2336 1673 2403 mihi

253 2437 416 2500 commisit
438 2435 553 2518 denuo,
579 2442 615 2498 ut
643 2434 781 2500 eundem
801 2433 932 2500 modum
958 2436 992 2498 in
1020 2434 1188 2501 ambarum
1211 2437 1353 2522 partium
1374 2440 1564 2522 praesentia
1584 2434 1673 2502 vobis

210 2534 461 2623 ttexplicarem.
505 2534 550 2599 Et
570 2542 621 2599 est
640 2535 701 2598 iste
723 2533 852 2600 modus:
894 2533 992 2614 Quod
1012 2543 1086 2600 ante
1108 2536 1216 2600 omnia
1237 2556 1366 2609 cessare
1387 2533 1485 2601 debet
1504 2557 1625 2603 rancor
1644 2546 1674 2601 et

253 2634 417 2700 discordia
436 2636 520 2700 inter
539 2655 608 2716 vos,
629 2655 712 2699 unus
731 2631 828 2699 debet
848 2632 946 2698 alium
965 2633 1075 2699 fovere
1096 2642 1129 2699 et
1149 2656 1341 2721 promovere
1356 2633 1543 2723 ubicunque
1561 2644 1671 2723 potest,

252 2743 286 2800 et
313 2756 432 2801 causae
459 2755 560 2821 supra
588 2742 794 2797 enumeratae
823 2731 942 2799 debent
969 2754 1040 2798 esse
1071 2736 1196 2821 sopitae
1222 2742 1255 2797 et
1282 2735 1484 2818 terminatae,
1515 2736 1566 2801 sic
1591 2733 1671 2823 quod

252 2835 409 2921 magister
429 2834 545 2899 Petrus
572 2853 761 2918 comparere
785 2830 882 2897 debet
904 2854 1014 2898 coram
1040 2832 1175 2919 collegio
1199 2827 1283 2918 [23⁸]
1305 2842 1338 2898 et
1360 2854 1481 2916 rogare
1502 2835 1671 2921 magistros

251 2932 473 3020 collegialiter,
502 2941 538 2996 ut
565 2930 626 2996 sibi
652 2929 843 3016 indulgeant
869 2932 957 2996 facta
985 2940 1098 2997 contra
1126 2931 1295 3016 collegium
1324 2931 1559 3018 supradictum„
1603 2931 1670 3015 Quo

208 3035 338 3100 ttfacto
360 3031 531 3119 collegium
551 3029 689 3096 eundem
710 3031 881 3095 restituere
903 3029 1000 3096 debet
1026 3030 1069 3096 ad
1094 3029 1201 3095 locum
1228 3051 1329 3096 suurn.
1370 3030 1549 3119 Expensas
1569 3041 1670 3119 autem

251 3144 283 3199 et
312 3134 446 3215 hactus,
478 3141 624 3216 tempore
651 3130 871 3216 suspensionis
902 3140 1084 3218 perceptos,
1118 3129 1266 3197 dominus
1294 3152 1386 3196 meus
1415 3134 1583 3218 gratiosus
1614 3129 1669 3198 sihi

249 3233 439 3298 reservavit
478 3231 560 3295 Item
590 3228 677 3316 quod
708 3227 814 3293 dictus
843 3231 998 3314 magister
1026 3228 1141 3295 Petrus
1171 3229 1269 3294 debet
1296 3229 1382 3295 tiltra
1409 3253 1445 3296 se
1473 3232 1669 3307 conformare

250 3330 385 3418 collegio
407 3339 439 3395 et
460 3339 547 3396 stare
568 3329 638 3393 eius
665 3327 848 3394 diffinitioni
875 3326 926 3392 vel
952 3330 1086 3394 maioris
1109 3329 1213 3416 partis
1236 3328 1296 3393 sub
1319 3351 1425 3415 poena
1445 3329 1561 3397 decem
1582 3331 1668 3396 flore

248 3453 374 3513 norum,
397 3429 485 3494 omni
505 3426 722 3514 appellatione
735 3424 877 3491 exclusa.
899 3427 993 3492 Etsi
1013 3425 1115 3514 (quod
1134 3426 1234 3514 absit)
1258 3427 1365 3494 dictus
1388 3432 1548 3517 magister
1558 3430 1667 3496 Petrus

208 3542 306 3598 ttaut
328 3529 410 3594 alius
432 3528 619 3615 collegiatus
641 3526 720 3592 dicti
748 3524 876 3612 collegii
902 3524 1001 3592 nollet
1030 3537 1116 3591 stare
1144 3526 1328 3594 diffinitioni
1358 3529 1437 3594 dicti
1467 3524 1599 3616 collegii
1622 3528 1667 3593 vel

247 3633 380 3695 maioris
402 3631 516 3715 partis,
545 3637 621 3692 tunc
641 3625 737 3691 debet
764 3623 889 3690 solvere
916 3624 1001 3690 dicto
1029 3624 1164 3713 collegio
1188 3626 1300 3692 decem
1320 3627 1463 3693 florenos
1483 3650 1547 3716 pro
1569 3650 1667 3715 poena

246 3733 315 3796 sine
336 3729 422 3794 omni
446 3725 672 3814 appellatione,
693 3725 817 3790 tociens
843 3725 994 3810 quociens
1016 3728 1253 3792 contravenerit
1269 3736 1306 3816 ,et
1327 3749 1362 3792 se
1382 3749 1448 3792 non
1469 3726 1665 3815 obtempera·

246 3831 330 3895 verit
350 3827 536 3892 diffinitioni
558 3824 685 3911 collegii
707 3823 916 3910 supradicti.“

104 4001 105 4004 Ἴ
329 3926 455 4007 Quibus
474 3925 660 4012 propositis,
686 3931 872 3988 reverenter
894 3923 1056 4009 surgendo
1078 3927 1238 4011 quaesivit
1258 3948 1279 3989 a
1299 3924 1386 3990 dicto
1406 3934 1503 4012 patre
1524 3948 1664 3992 revererr

204 4028 299 4111 aedo,
321 4049 363 4092 an
382 4028 447 4091 ista
468 4033 554 4089 esset
571 4021 719 4089 voluntas
742 4045 800 4087 sua
821 4022 886 4088 sibi
906 4024 1087 4088 commissa
1108 4022 1173 4104 Qui
1186 4024 1364 4111 respondit,
1385 4025 1473 4112 quod
1487 4029 1546 4093 sic.
1566 4025 1664 4114 Super

244 4151 306 4213 quo
328 4126 433 4191 dictus
453 4123 601 4189 dominus
622 4120 806 4189 ordinarius
826 4144 878 4187 me
905 4124 1089 4210 requisivit,
1117 4133 1153 4187 ut
1181 4146 1278 4210 super
1304 4124 1365 4189 hoc
1391 4125 1545 4210 partibus
1574 4125 1662 4192 confi·

244 4248 350 4292 cerem
368 4246 467 4289 unum
481 4221 534 4287 vel
553 4221 659 4309 plura,
681 4219 847 4307 publicum
870 4229 926 4286 aen
948 4220 1088 4308 publica,
1109 4224 1356 4287 instrumentum
1369 4221 1422 4288 vel
1442 4225 1661 4304 instrumenta,

243 4336 318 4414 post
338 4326 428 4389 cuius
450 4323 691 4408 requisitionem
713 4342 783 4406 ego,
809 4322 957 4385 notarius
979 4321 1218 4407 infrascriptus,
1248 4344 1269 4387 a
1295 4321 1444 4408 partibus
1471 4323 1663 4411 supradictis

243 4425 353 4511 recepi
379 4421 555 4488 sollennem
577 4418 828 4505 stipulationem,
859 4419 1076 4506 promittendo
1098 4420 1178 4485 mihi
1204 4430 1369 4508 tamquam
1394 4426 1579 4489 autenticae
1598 4445 1661 4512 pet·

202 4536 352 4606 tosonae,
373 4544 408 4588 se
428 4520 555 4585 firmum
577 4519 744 4606 perpetuis
765 4518 964 4605 temporibus
986 4529 1082 4607 atque
1100 4529 1207 4585 ratum
1228 4519 1407 4604 habituros,
1428 4521 1571 4589 etnnlla
1590 4523 1660 4589 iuris

243 4622 435 4710 exceptione
457 4618 509 4686 vel
529 4619 609 4683 facti
630 4640 687 4682 seu
705 4616 813 4704 legum
835 4628 867 4683 et
888 4619 984 4683 etiam
1008 4640 1168 4685 canonum
1190 4618 1312 4685 auxilio
1336 4619 1421 4686 velle
1442 4623 1660 4690 oonmvonie

244 4719 513 4888 quovlldllddihnt
539 4817 621 4882 haec
647 4819 682 4882 in
711 4818 873 4882 aestuario
903 4839 988 4882 novo
1017 4819 1127 4884 curiae
1157 4818 1354 4907 episcopalis
1374 4818 1657 4910 M⁰¹⁸⁰b¹¹¹3⁰¹¹⁶⁸t

244 4917 338 5008 [23bl’
351 4943 446 5001 anno,
469 4918 532 5000 die,
553 4938 673 4998 mense,
694 4914 869 4980 indictione
886 4927 917 4980 et
938 4916 1028 4999 hora,
1049 4917 1164 5004 quibus
1181 4942 1294 5005 supra,
1315 4919 1508 5005 pontificatu
1519 4916 1673 4988 veredo-2

201 5021 322 5087 semini
341 5041 448 5107 papae
469 5017 540 5082 non'
555 5017 635 5080 vitio
658 5023 714 5079 aut
733 5037 842 5079 errore
864 5015 921 5080 sed
943 5037 984 5080 ex
1007 5038 1105 5082 causa
1128 5019 1262 5083 omisso:
1294 5019 1522 5105 praesentibus
1542 5021 1653 5088 ibidem

241 5117 480 5186 venerabilibus
501 5116 591 5200 viris,
615 5114 753 5180 dominis
774 5112 917 5180 Iohanne
939 5114 981 5181 de
1001 5115 1152 5207 Werder,
1174 5117 1307 5202 dmano,
1327 5116 1466 5188 Nicolao
1489 5118 1648 5293 {larderii

1013 5448 1026 5479 a
1276 5424 1292 5487 t
