3756 6158
233 490 294 554 566
732 483 783 534 Dis
799 482 985 548 theologirchs
1002 483 1131 536 Facultit.

233 667 470 737 canicularibus
490 666 768 734 extraordinarias
790 664 1032 751 disputaciones
1055 664 1227 732 duodecim
1246 665 1436 732 ordinariae
1460 666 1662 756 disputacio·

239 793 296 835 nes
316 792 375 856 per
397 770 571 854 magistros
595 767 777 832 antedictae
797 764 961 830 facultatis
975 766 1009 829 in
1022 764 1187 852 theologia
1200 764 1392 849 habeantur,
1415 767 1661 834 distribuendae

232 879 264 934 et
287 867 504 955 disputandae
525 869 617 932 iuxta
638 867 794 932 materiae
816 875 848 929 et
874 865 1030 950 temporis
1052 867 1316 952 congruenciam.
1358 867 1398 932 In
1420 889 1564 955 quorum
1585 891 1661 956 qua·

231 968 311 1034 libet
336 968 561 1054 disputacione
588 968 818 1052 magistrorum
846 961 1050 1029 baccalarius
1075 963 1259 1051 theologiae
1286 988 1428 1051 arguens
1450 976 1483 1031 et
1503 967 1661 1034 reducens

189 1077 205 1134 5
236 1067 317 1133 duos
336 1090 469 1155 grossos
489 1065 622 1132 habebit
643 1074 675 1130 et
694 1063 834 1129 famulus
856 1063 1077 1127 universitatis
1107 1086 1206 1128 unum
1231 1088 1392 1152 grossum.
1434 1064 1481 1131 Et
1510 1069 1661 1154 quatinus

231 1166 410 1233 baccalarii
440 1169 476 1231 in
506 1163 785 1251 disputacionibns
819 1160 1090 1228 extraordinariis
1119 1159 1206 1250 [27¹³]
1242 1164 1475 1231 canicularium
1512 1168 1660 1254 frequen·

231 1269 336 1332 ciores
351 1269 493 1332 existant
515 1263 611 1330 etad
633 1262 836 1349 arguendum
858 1262 891 1327 in
913 1260 1036 1326 eisdem
1056 1263 1255 1348 paraciores,
1278 1263 1412 1329 cuilibet
1427 1267 1660 1351 magistrorum

231 1366 394 1432 facultatis
423 1367 547 1431 arcium
571 1384 654 1428 unus
681 1384 815 1447 grossus
845 1360 1054 1427 condonetur.
1107 1360 1151 1426 Ει
1179 1364 1257 1450 quia
1280 1364 1315 1427 in
1346 1361 1420 1428 aliis
1450 1363 1660 1431 facultatibus

233 1465 332 1531 studii
359 1466 545 1553 Liptrensis
572 1461 780 1528 laudabiliter
804 1462 865 1526 fuit
895 1459 1119 1543 observatum,
1147 1471 1183 1526 ιιι
1209 1464 1360 1548 magistri
1388 1472 1420 1526 et
1449 1461 1602 1529 doctores
1629 1467 1661 1530 in

193 1566 307 1632 italiis
335 1563 545 1631 facultatibus
570 1561 788 1648 disputaturi¹
809 1583 872 1625 non
903 1559 1006 1625 solum
1027 1559 1154 1625 titulum
1179 1561 1376 1648 quaestionis
1400 1561 1459 1626 sed
1481 1572 1586 1628 totam
1607 1587 1659 1650 po

232 1667 387 1730 sicionem
408 1665 450 1730 ad
472 1664 581 1729 omnia
602 1660 810 1746 collegiorum
839 1658 912 1724 loca
938 1658 1067 1746 publice
1094 1661 1246 1725 intimare
1272 1670 1466 1746 procurent,
1490 1662 1533 1727 ob
1555 1663 1607 1745 id,
1627 1676 1661 1727 ut

232 1788 280 1846 ea,
303 1768 440 1853 quaein
466 1761 632 1851 publicam
654 1759 935 1825 exercitationem²
956 1759 1103 1822 instituta
1131 1769 1180 1823 est
1206 1758 1405 1846 disputacio,
1435 1760 1570 1846 publico
1592 1761 1660 1828 loco

231 1865 452 1929 universitatis
480 1860 662 1927 scolasticis
691 1857 907 1939 insinuetur,³
935 1856 1058 1943 placuit
1085 1858 1232 1923 facultati
1261 1858 1464 1945 theologicae
1485 1861 1660 1947 irrefraga-

232 1963 341 2030 biliter
367 1960 592 2050 praesentibus
620 1959 733 2023 statuit
740 1959 766 2039 ,⁴
794 1966 828 2020 ut
855 1956 970 2022 similis
1005 1957 1222 2022 intimacionis
1260 1959 1376 2024 modus
1404 1961 1439 2023 in
1467 1958 1659 2047 theologicis

194 2072 224 2128 15
237 2061 517 2150 disputacionibns
539 2061 695 2145 insuper⁵
714 2057 842 2143 penitus
864 2055 1064 2137 observetur,
1091 2067 1128 2121 ut
1151 2067 1228 2143 pote
1250 2056 1337 2144 quod
1358 2059 1512 2143 magistri
1534 2069 1569 2124 et
1588 2059 1661 2125 bac·

234 2161 347 2227 calarii
375 2162 529 2248 deinceps
560 2157 725 2223 ordinarie
755 2165 787 2220 et
814 2153 1075 2220 extraordinarie
1102 2154 1300 2241 disputaturi
1327 2168 1429 2222 totam
1462 2160 1670 2245 posicionem>

235 2284 306 2326 cum
329 2258 587 2327 conclusionibus
610 2266 642 2321 et
663 2255 864 2336 corrolariis,
886 2256 977 2340 prius
1006 2264 1132 2320 mature
1154 2251 1312 2337 revisam,
1333 2255 1377 2321 ad
1400 2257 1512 2320 omnia
1533 2260 1662 2325 univer·

236 2363 341 2426 sitatis
364 2359 497 2447 publica
517 2357 605 2439 loca,
636 2354 758 2419 scilicet
784 2355 973 2418 artistarum
999 2363 1031 2418 et
1059 2355 1263 2437 iuristarum,
1291 2354 1413 2420 additis
1439 2354 1528 2439 loco,
1559 2356 1612 2423 die
1633 2368 1664 2423 et

235 2459 332 2541 horis,
347 2454 604 2546 pro[28⁸]curent
624 2453 777 2519 intimari.
808 2452 936 2517 Placuit
958 2454 1071 2536 eciam,
1094 2452 1180 2540 qnod
1202 2453 1381 2536 doctorum,
1402 2453 1663 2522 baocalariornm

193 2568 271 2624 20et
292 2553 575 2645 [licentiatorum‘l]
600 2575 763 2619 sermones
786 2552 828 2616 ad
850 2551 1091 2618 clerumfiendi
1113 2553 1284 2619 adomnia
1309 2554 1383 2619 loca
1408 2553 1544 2640 publica
1572 2579 1662 2642 prac-

235 2659 335 2723 missa
356 2656 496 2722 debeant
516 2649 689 2719 intimaris

317 2961 372 3020 Am
398 2959 535 3018 Scotusae
561 2959 613 3016 dea
640 2958 769 3027 Baetes,
797 2958 901 3016 descen
928 2957 1049 3035 dirigar
1077 2928 1223 3016 Inhalt
1211 2976 1243 3014 m
1269 2959 1326 3015 dra
1349 2958 1507 3060 ἱ(Ιιιιιιιιάὶ.
1536 2959 1660 3025 aaron

236 3083 263 3123 a
284 3082 313 3120 α.
338 3061 371 3120 O.
396 3057 585 3135 ausfirhrlich
607 3057 776 3132 mitpetlreilt
798 3056 844 3129 ιἰι,
866 3059 966 3116 stelen
987 3056 1034 3115 die
1056 3057 1157 3116 beiden
1170 3059 1336 3134 solqeadca
1349 3024 1561 3117 Formalare:

298 3234 324 3291 1.
351 3211 635 3286 Reverendissimo
657 3217 786 3283 domino
808 3227 840 3282 et
861 3218 1011 3305 principi,
1034 3217 1164 3283 domino
1185 3217 1243 3299 .N.,
1265 3219 1420 3306 episeopo
1444 3218 1605 3286 ecclesiae

194 3333 227 3389 25
361 3318 650 3404 Merscburgensis,
665 3315 860 3382 cancellario
883 3317 1068 3382 academiae
1089 3317 1251 3404 Lipsicae,
1274 3317 1404 3384 domino
1427 3328 1542 3386 nostro

519 3438 557 3505 ᾗ·
819 3417 1075 3482 clementissimo.

320 3549 600 3617 Reverendissime
622 3547 751 3612 domine
773 3559 806 3635 et
826 3549 1073 3614 clementissime
1094 3551 1258 3636 princeps.
1291 3550 1413 3614 Pettmt
1433 3550 1498 3615 hoc
1520 3561 1659 3639 ternpore

238 3654 324 3719 docti
345 3661 377 3715 et
397 3650 473 3714 boni
494 3649 557 3712 viri
579 3646 652 3731 duo,
680 3640 871 3733 potesfflem
899 3649 962 3713 sibi
985 3649 1118 3713 concedi
1147 3651 1180 3712 in
1210 3647 1383 3734 theologici
1413 3650 1515 3716 studii
1544 3653 1658 3739 profes·

239 3756 329 3818 sione
352 3749 440 3836 apud
467 3771 525 3813 nos
547 3745 753 3834 procedendi,
781 3758 816 3811 ut
838 3750 1031 3834 praecipuos
1052 3748 1191 3813 honores
1218 3770 1257 3811 ac
1283 3747 1411 3813 titulum
1439 3747 1585 3815 doctoris
1605 3772 1658 3837 per

195 3850 512 3941 300pportunitatem
552 3847 725 3933 aliquando
768 3850 920 3935 consequi
961 3847 1066 3912 liceat.
1109 3847 1269 3928 Quoniam
1305 3858 1414 3912 autem
1453 3848 1518 3914 hoc
1555 3852 1605 3914 ius
1640 3872 1657 3912 a

236 3962 293 4017 tua
314 3947 584 4014 reverendissima
606 3945 775 4011 clementia
795 3947 940 4012 obtinere
960 3959 1072 4012 nostra
1094 3946 1262 4012 academia
1282 3949 1468 4030 consuevit,
1495 3971 1557 4014 nos
1581 3972 1657 4015 com·

237 4052 376 4116 muniter
396 4058 469 4113 tuae
490 4044 781 4119 reverendissimae
802 4045 989 4111 clementiae
1012 4046 1301 4134 supplicamus,·ut
1322 4047 1417 4112 huius
1438 4050 1569 4134 negocii
1589 4070 1658 4113 exe·

238 4151 398 4215 cntionem
427 4144 582 4213 mamiare
610 4153 641 4208 et
668 4153 742 4208 tuae
779 4146 1070 4210 reverendissimae
1103 4146 1291 4211 clementiae
1318 4147 1409 4211 vices
1437 4145 1579 4234 benigne
1605 4147 1660 4212 hoc

237 4260 382 4334 ternpore
403 4245 554 4330 delegare
576 4244 654 4308 velit
675 4244 848 4330 magnifico
867 4247 953 4328 viro,
974 4268 1087 4310 sacrae
1108 4244 1289 4332 theologiae
1310 4244 1446 4328 doctori,
1474 4246 1658 4312 Alexandro

197 4349 358 4429 35Alesio,
387 4345 505 4409 rectori
532 4343 746 4425 academiae,l
770 4367 830 4431 pro
853 4367 891 4409 eo
915 4355 1011 4429 atque
1038 4367 1153 4409 munus
1182 4344 1346 4430 peculiare
1374 4345 1567 4413 clementiae
1592 4357 1659 4411 tuae

238 4446 379 4534 postulat
405 4453 436 4508 et
462 4442 621 4507 submisse
650 4466 744 4508 orare
773 4445 914 4510 officinm
940 4445 1036 4510 nobis
1065 4443 1230 4510 incumbit
1270 4445 1309 4509 In
1336 4467 1401 4532 quo
1429 4454 1489 4511 tua
1518 4469 1658 4513 reveren

326 4667 336 4716 l
358 4659 545 4717 Geschriehen
563 4661 600 4714 ist
617 4662 765 4732 capream

320 4751 335 4800 2
355 4744 541 4801 Geschrieben
560 4744 633 4799 steht
650 4747 822 4804 caercitacio.

321 4835 336 4884 3
355 4827 541 4884 Geschrieben
560 4828 633 4884 steht
650 4830 819 4886 insinuantia

321 4920 338 4969 4
355 4911 486 4967 Offenbar
503 4912 645 4968 enthalten
661 4914 706 4968 die
723 4913 964 4985 voraufgehenden
983 4915 1122 4970 Worte'
1099 4932 1177 4971 einen
1197 4915 1305 4972 Fahlsr.

324 5004 339 5052 5
357 4998 467 5051 Etwa'
455 5016 485 5050 ta
494 4999 644 5068 futurum!

322 5087 337 5136 6
355 5079 451 5134 Dnrch
468 5080 541 5136 diese
558 5080 676 5153 Angabe
694 5083 761 5135 wird
779 5099 808 5137 es
824 5082 954 5155 mo'glich,
969 5083 1020 5137 das
1038 5082 1110 5137 Jahr
1126 5100 1161 5136 au
1181 5083 1388 5153 bestimman,
1374 5103 1406 5140 ιιι
1423 5087 1557 5144 wdehorn
1574 5087 1652 5143 diest

242 5164 321 5220 Brief
334 5162 512 5235 geschrieben
529 5167 573 5223 ist.
609 5167 718 5223 Alesius
735 5183 791 5221 war
808 5167 935 5224 Rector
927 5185 965 5221 nn
982 5165 1106 5223 Sommer
1126 5172 1198 5224 1555.
