3756 6158
247 491 308 552 210
794 486 849 535 Das
867 498 961 548 grosse
979 486 1085 550 Colleg.

244 670 319 734 licet
331 669 465 748 Pascae,
491 668 699 748 ascensionis,
714 664 954 747 Penthecostes,
974 667 1119 751 corporis
1134 666 1267 749 Christi,
1283 664 1503 732 dedicaoionis
1519 664 1671 732 ecclesiae

245 769 348 833 saneti
370 766 498 832 Nicolai
519 778 551 830 et
572 767 809 853 assumpoionis
830 765 883 829 dei
904 766 1078 850 genetricis
1101 775 1234 829 sanctae
1254 764 1388 830 Mariae.

327 867 465 952 Insuper
488 876 675 931 consuetum
698 876 748 930 est
768 867 802 929 in
824 864 938 929 eodem
959 863 1095 949 collegio
1117 863 1296 946 observari,
1324 874 1360 929 ut
1384 875 1435 928 ter
1455 866 1490 929 in
1509 886 1597 929 anno
1619 864 1671 929 ad·

243 967 467 1029 ministrentur
491 987 592 1029 aucae
613 975 752 1046 assatae,
781 962 915 1028 cuilibet
935 985 1034 1027 unum
1056 962 1214 1047 quartale,
1241 962 1312 1028 loco
1333 972 1569 1046 assensum,
1591 964 1671 1031 scili·

202 1074 218 1126 5
244 1073 294 1128 eet
314 1062 461 1145 Martini,
492 1065 573 1128 siin
596 1063 681 1128 diem
702 1065 847 1127 carnium
866 1061 1020 1126 ceciderit
1041 1057 1138 1146 (alias
1160 1063 1194 1125 in
1216 1060 1300 1126 diem
1322 1063 1468 1127 carnium
1489 1060 1672 1127 immediate

244 1172 432 1250 sequentem
454 1159 692 1248 transferatur),
715 1183 788 1225 oum
805 1161 945 1246 propina
966 1169 1131 1246 utsupra,
1151 1161 1185 1223 in
1208 1159 1261 1224 die
1276 1158 1498 1226 dedieacionis
1517 1160 1672 1226 aedesius

244 1262 349 1325 sancti
369 1259 507 1342 Nicolai,
533 1261 636 1324 eciam
657 1282 729 1325 eum
752 1259 912 1344 solempni
932 1259 1081 1345 propina,
1103 1257 1144 1323 de
1163 1280 1228 1343 qua
1249 1280 1358 1345 supra,
1388 1268 1421 1325 et
1438 1260 1474 1324 in
1496 1259 1551 1325 dia
1573 1262 1672 1326 emoti

245 1358 430 1424 Burckardi
453 1382 524 1424 curn
547 1360 693 1445 propina.
1296 1436 1298 1441 Ι

327 1457 477 1523 Ceterum
511 1480 531 1521 a
564 1456 727 1522 dominica
757 1455 1024 1542 Septuagesimae
1054 1477 1156 1542 usque
1187 1455 1231 1519 ad
1260 1455 1347 1521 diem
1378 1457 1525 1522 cinerum
1558 1455 1673 1523 debent

208 1557 371 1643 topistata
393 1556 613 1621 administrari
635 1578 696 1644 pro
716 1554 865 1621 omnibus
887 1554 1053 1640 magistris
1076 1552 1312 1641 praesentibus,
1342 1556 1377 1619 in
1403 1564 1437 1620 et
1466 1564 1564 1620 extra
1590 1577 1673 1621 men·

245 1677 317 1720 sam
338 1655 563 1737 existentibus,
587 1655 628 1721 de
656 1677 729 1720 sero
758 1664 807 1718 ter
833 1657 869 1719 in
896 1655 1088 1740 septimana,
1119 1652 1243 1718 seilicet
1266 1652 1440 1737 dominica,
1469 1655 1576 1719 tercia
1595 1653 1673 1719 feria

246 1765 278 1818 et
305 1755 419 1841 quinta
439 1754 522 1818 feria
546 1764 578 1818 et
606 1753 727 1819 ultimis
754 1753 859 1818 tribus
888 1752 1002 1818 diebus
1032 1752 1250 1839 carnisprivii,
1281 1752 1398 1836 quibus
1425 1751 1543 1818 diebus
1573 1752 1673 1818 hibin

244 1854 349 1918 eciam
370 1860 539 1917 assaturae
559 1874 654 1919 mane
675 1861 707 1917 et
729 1875 801 1918 sero
821 1850 951 1939 disponi
973 1851 1091 1919 debent
1111 1872 1171 1938 per
1192 1852 1415 1937 praepositum
1433 1860 1513 1917 tunc
1533 1853 1672 1917 existen·

243 1962 308 2017 tem
341 1973 401 2038 pro
432 1950 569 2037 singulis
600 1951 767 2041 magistris
798 1950 1040 2037 praesentibus,
1071 1952 1136 2015 nisi
1166 1949 1236 2016 dies
1266 1949 1376 2036 aliqua
1404 1949 1591 2017 ieiunabilis
1619 1953 1673 2016 im·

205 2059 235 2114 15
245 2050 415 2137 pediverit

327 2148 468 2213 Domum
490 2148 593 2214 tribus
614 2149 740 2214 vicibus
768 2149 804 2213 in
830 2171 914 2215 anno
942 2159 1018 2214 ante
1043 2150 1168 2215 omnia¹
1191 2148 1315 2213 fercula
1343 2149 1511 2234 magistris
1539 2148 1670 2214 admini-

247 2246 383 2313 stranda
410 2269 470 2334 pro
491 2248 657 2333 magistris
683 2250 718 2312 in
751 2269 863 2313 mensa
895 2248 1056 2312 duntaxat
1086 2246 1335 2313 consedentibus
1365 2268 1546 2333 procurare
1579 2246 1669 2313 debet

246 2345 441 2412 formodium
455 2345 605 2431 calidum,
622 2350 754 2434 proprie
777 2370 841 2434 eyn
862 2346 1031 2433 gebacken
1051 2345 1197 2432 qworgk,
1220 2345 1398 2411 scilicet-in
1420 2345 1537 2432 vigilia
1560 2368 1667 2413 aseen-

247 2446 346 2510 sionis
373 2444 505 2528 domini,
533 2448 567 2510 in
593 2446 709 2532 vigilia
728 2445 958 2512 Penthecostes
985 2455 1017 2510 et
1042 2447 1076 2510 in
1099 2444 1214 2530 vigilia
1242 2444 1389 2531 eorporis
1411 2442 1548 2521 Christi.
1585 2444 1671 2511 Idem

203 2543 317 2607 beheri
344 2540 534 2607 debetcum
562 2544 691 2631 laganis
719 2556 751 2610 et
777 2568 820 2632 po
843 2594 851 2610 .
875 2595 882 2610 .
904 2594 942 2609 ..
971 2543 1098 2609 ealibus
1128 2555 1160 2608 et
1190 2565 1276 2630 pane
1305 2541 1429 2610 christi
1454 2543 1563 2630 longe,
1591 2544 1671 2633 quod

244 2652 354 2705 tamen
376 2637 489 2727 (trium
510 2641 542 2729 i)
565 2645 762 2731 principium
785 2647 952 2709 consuevit
972 2641 1057 2729 qurk
1071 2640 1119 2729 (Ρ)
1141 2642 1312 2729 appellari,
1337 2653 1374 2707 ut
1393 2643 1479 2709 inter
1501 2645 1671 2731 magistros

244 2742 279 2805 in
300 2762 414 2805 mensa
435 2741 612 2807 existentes
632 2742 848 2808 distribuatur
869 2791 877 2806 .
899 2792 908 2806 .
931 2790 939 2806 .
962 2793 968 2806 .
991 2739 1263 2826 quemadmodum
1282 2740 1319 2806 fit
1340 2763 1415 2806 cum
1436 2763 1534 2809 caseo
1556 2757 1590 2809 et
1610 2745 1667 2809 hu·

246 2839 352 2904 ctibus
373 2849 405 2904 et
427 2887 642 2907 ........
664 2852 760 2908 extra
780 2842 896 2909 diebus
918 2838 1158 2906 ieiunabilibus.

938 3060 989 3123 66.

205 3228 237 3283 25
329 3225 398 3299 Ass
415 3227 469 3283 der
488 3226 597 3284 iuuere
619 3226 697 3285 Seite
719 3228 770 3284 des
793 3226 885 3284 obern
906 3226 1031 3284 Deckels
1053 3226 1123 3283 sind
1147 3244 1205 3282 con
1226 3226 1245 3286 2
1266 3226 1401 3284 Erinden
1422 3228 1474 3285 aa
1499 3228 1670 3288 1111111.

247 3323 294 3380 die
308 3325 476 3399 folgenden
498 3325 599 3383 beiden
621 3326 844 3401 Bemerlcunqen
862 3325 1064 3401 qesctricben:

334 3485 373 3549 In
406 3488 494 3551 omni
523 3489 660 3572 angaria
689 3485 785 3550 debet
815 3485 886 3550 fieri
915 3486 1060 3551 visitatio
1095 3484 1269 3550 bursarum
1303 3509 1362 3573 per
1391 3490 1617 3574 praepositum
1645 3498 1673 3554 et

250 3582 397 3647 aedituos
420 3583 558 3671 collegii,
580 3607 641 3673 pro
664 3607 726 3671 quo
747 3583 882 3671 quilibet
900 3583 1036 3648 habebit
1057 3591 1076 3654 8
1097 3587 1137 3664 ol.
1158 3584 1318 3672 antiquos.

327 3714 493 3802 Deinceps
516 3719 603 3781 omni
625 3718 808 3782 mutacione
829 3730 861 3780 et
881 3719 915 3781 in
936 3717 1100 3804 principio
1121 3717 1310 3783 visitabitur
1330 3716 1515 3803 disputacio
1534 3721 1673 3785 serotina

205 3815 408 3879 tosociorum
429 3836 489 3899 per
511 3814 677 3880 dominum
698 3815 856 3881 decanum
879 3825 911 3880 et
932 3837 1007 3880 suos
1028 3815 1182 3881 aedituos.

684 4038 732 4098 67.
754 4049 984 4098 rnnannnrnn
1005 4031 1228 4098 emcnansn.²

329 4177 385 4242 leh
407 4177 456 4241 .N.
478 4178 631 4261 schwere,
659 4180 718 4245 das
739 4180 792 4245 ioh
812 4203 950 4267 meynen
978 4180 1105 4265 herren,
1133 4180 1196 4245 den
1227 4178 1421 4265 collegiaten
1450 4176 1511 4246 des
1538 4203 1671 4268 gresten

246 4275 384 4361 collegii,
413 4287 492 4341 trew
513 4277 580 4342 vnd
608 4279 774 4365 gewerhre
807 4300 897 4364 seyn,
927 4280 998 4344 iren
1020 4276 1163 4345 schaden
1184 4277 1357 4345 verhittten
1375 4277 1443 4344 vnd
1465 4275 1668 4367 derselbigen

244 4374 378 4456 fromen,
408 4398 443 4439 so
464 4374 527 4441 viel
548 4378 610 4442 mir
633 4378 785 4464 mtiglieh,
808 4377 961 4460 schaffen,
988 4379 1055 4444 vnd
1080 4376 1164 4443 noch
1190 4376 1283 4443 deme
1303 4376 1357 4443 ich
1383 4376 1574 4445 stlnderlich
1599 4402 1669 4445 aum

204 4471 430 4538 35sehencken
450 4498 526 4559 yres
553 4475 641 4541 biera
668 4500 910 4564 angenommen,
937 4479 996 4543 mit
1022 4478 1096 4543 dem
1116 4476 1211 4542 hanff
1236 4476 1302 4543 und
1330 4475 1524 4544 verkauffsn
1555 4478 1668 4544 dessel-

327 4776 337 4825 1
357 4770 412 4827 Die
430 4772 529 4828 Worte
547 4779 609 4827 aute
627 4773 721 4829 omnia
739 4772 800 4826 sind
818 4770 896 4828 nieht
911 4790 985 4844 gana
1003 4773 1134 4829 deutlich.

322 4853 421 4910 2Von
437 4854 580 4911 desselben
596 4854 681 4911 Hand
705 4853 758 4911 auf
775 4853 820 4911 die
842 4854 987 4913 Stimseite
1011 4857 1060 4912 des
1084 4862 1176 4913 ersten
1198 4855 1307 4914 Blattes
1330 4855 1521 4929 geschrieben,
1542 4859 1589 4915 die
1606 4860 1665 4915 1111

246 4935 296 4989 das
315 4936 345 4990 in
366 4937 420 4993 den
437 4938 575 4996 Urkundl
594 4938 711 5006 Quellen
737 4937 765 4996 S.
789 4943 837 4995 745
862 4940 1000 4997 erviihnte
1017 4939 1267 4998 Veraeiehniss
1289 4940 1348 4997 der
1368 4940 1584 5002 Einnahmen
1605 4940 1694 4998 aad.

245 5019 441 5090 Ausgaben
458 5022 517 5078 des
535 5040 681 5095 grossen
699 5022 848 5094 Collega
864 5022 980 5080 schrieb.
1017 5024 1087 5080 Dies
1104 5023 1294 5081 Veraeichnias
1317 5024 1377 5082 hier
1394 5024 1596 5085 susannehmm
1615 5040 1686 5081 vu·

246 5104 328 5159 haine
344 5104 566 5178 Veranlassung;
585 5126 614 5162 es
629 5106 730 5178 gehbrt
747 5106 881 5164 vielmehr
897 5107 927 5162 in
944 5108 997 5164 den
1016 5106 1252 5181 geschichtliehen
1270 5108 1361 5166 Band.
