3756 6158
721 445 769 492 Die
789 445 906 494 Statuten
926 460 978 493 von
1000 445 1075 496 1497-
1102 446 1171 495 1537.

659 667 685 725 7.
708 679 754 725 os
778 678 850 725 uon
872 678 1220 726 rnaarosrrsnrmus

310 787 456 868 Quilibet
477 789 666 876 collegiatus
687 793 879 876 sallariatus,
913 796 946 858 in
973 793 1086 858 ordine
1118 815 1175 856 suo
1206 815 1270 856 non
1305 794 1541 879 praepositam,
1571 791 1651 855 duas

230 909 409 974 sexagenas
432 913 533 955 novas
556 888 619 978 [3⁸]
643 892 715 957 aliis
738 894 901 979 magistris
925 893 1098 959 sallariatis
1120 900 1257 979 protrmc
1279 893 1312 956 in
1337 892 1471 978 collegio
1494 913 1645 978 praesen-

229 985 312 1051 tibus
334 989 420 1051 infra
439 1012 583 1054 mensem
608 992 818 1057 effectualiter
839 992 1017 1079 persolvat,
1046 991 1105 1056 sub
1128 1015 1232 1078 poena
1253 992 1417 1055 carentiae
1438 991 1599 1056 fructuum
1618 1000 1651 1057 et

229 1086 514 1154 emolumentorum
537 1089 662 1177 collegii
686 1115 744 1178 per
766 1091 937 1157 dimidium
961 1114 1089 1156 annum.
1675 1103 1691 1155 5

370 1277 401 1339 8·
422 1289 470 1336 DII
492 1291 696 1340 umanum
717 1293 783 1340 PER
806 1293 1049 1340 Panurosmtm
1070 1292 1105 1339 m
1126 1289 1300 1339 conanum
1323 1291 1505 1339 FACIENDA.

305 1405 388 1469 Item
408 1407 622 1494 praepositus,
645 1419 799 1510 quantum
820 1409 854 1472 in
876 1429 913 1473 eo
928 1416 985 1489 est,
1007 1404 1103 1472 debet
1123 1416 1154 1471 et
1165 1415 1290 1471 tenetur
1305 1429 1379 1471 cum
1395 1407 1565 1492 diligentia
1578 1429 1650 1493 pro·

229 1526 340 1569 curare
360 1527 399 1568 ac
421 1507 593 1593 respicere,
620 1507 706 1592 quod
728 1507 880 1574 honestas
902 1516 969 1570 tam
989 1504 1029 1570 de
1051 1506 1104 1570 die
1131 1529 1228 1594 quam
1257 1504 1297 1571 de
1327 1517 1420 1571 nocte
1450 1508 1483 1569 in
1512 1506 1648 1591 collegio

229 1614 383 1686 servetur,
413 1605 561 1691 quodque
583 1607 616 1670 in
647 1608 784 1695 coquina
812 1615 958 1693 tempore
985 1606 1157 1695 positionis
1178 1604 1297 1669 bursae
1317 1606 1350 1669 in
1373 1604 1596 1670 distribuendo
1620 1615 1651 1668 et

228 1702 398 1790 partiendo
419 1706 603 1791 portionum
624 1706 803 1794 aequalitas
823 1713 1025 1794 procuretur.
1061 1705 1105 1769 Et
1124 1703 1329 1769 hebdomada
1350 1705 1440 1769 linita
1461 1703 1501 1768 de
1519 1706 1646 1791 exposi-
1662 1714 1692 1767 10

227 1804 265 1867 tis
286 1801 330 1868 ed
354 1805 534 1890 coquinam,
563 1806 687 1872 iuniore
709 1805 838 1871 aedituo
861 1816 893 1870 et
912 1806 1069 1892 pincerna
1095 1803 1329 1892 praesentibus,
1356 1805 1513 1869 rationem
1541 1804 1649 1884 faciat,

228 1901 282 1966 sub
305 1925 413 1989 poena
433 1902 571 1968 duorum
600 1927 798 1991 grossorum,
822 1927 882 1991 pro
907 1902 1021 1969 solatio
1041 1904 1270 1990 magistrorum
1289 1903 1557 1969 irremissibiliter
1577 1925 1648 1990 per·

227 1999 461 2067 solvendorum.

696 2143 724 2204 9.
746 2156 792 2202 nn
816 2152 1012 2203 sonurroun
1034 2152 1177 2201 nassas.

306 2287 500 2374 Quicunque
520 2287 653 2352 bursam
676 2312 767 2354 suam
797 2298 871 2352 ante
893 2288 1022 2353 tertiam
1044 2285 1158 2349 feriam
1181 2284 1323 2348 eiusdem
1346 2282 1570 2349 hebdomadae
1593 2308 1645 2348 cx·
1660 2295 1689 2348 15

228 2386 345 2454 clusive
365 2409 431 2452 non
454 2386 593 2468 solverit,
615 2411 674 2474 pro
697 2387 811 2453 eadem
835 2389 1024 2474 septimana,
1047 2386 1074 2448 si
1092 2407 1152 2471 pro
1165 2384 1322 2449 solutione
1336 2383 1519 2449 huiusmodi
1529 2383 1647 2448 bursae

227 2484 446 2573 interpellatus
468 2487 574 2569 fucrit,
595 2486 714 2552 absens
735 2495 910 2574 reputetur.

680 2676 725 2737 10.
747 2686 794 2734 on
814 2686 956 2735 runnu
975 2685 1188 2733 sssmsnuos.

304 2803 387 2868 Item
408 2804 613 2890 praepositus
636 2826 701 2869 non
721 2812 864 2867 assumat
885 2824 989 2890 neque
1010 2803 1107 2866 ctiam
1129 2800 1283 2866 destituat
1305 2797 1336 2887 [3
1344 2797 1370 2888 ¹³]
1391 2799 1533 2887 aliquam
1554 2800 1644 2866 fami·

226 2902 308 2986 liam,
329 2903 393 2968 nisi
414 2902 455 2968 de
477 2925 635 2968 consensu
657 2900 784 2987 collegii
806 2901 858 2966 vel
876 2903 1009 2966 maioris
1029 2902 1133 2987 partis
1146 2899 1299 2980 eiusdem,
1320 2903 1490 2967 necetiam
1506 2901 1688 2987 pretium20

226 3005 290 3067 sive
311 3002 494 3066 mercedem
516 3003 619 3088 ipsius
642 3003 777 3089 propria
799 3002 991 3066 auctoritate
1012 3010 1140 3085 augeat,
1158 3001 1316 3084 quamvis,
1336 2998 1523 3065 rationabili
1547 3022 1646 3064 causa

225 3102 426 3184 subsistente,
446 3101 630 3166 huiusmodi
650 3099 832 3165 mercedem
852 3099 995 3165 familiae
1016 3121 1075 3186 per
1095 3122 1130 3164 se
1153 3099 1332 3165 diminuere
1353 3101 1467 3185 possit.

275 3294 322 3353 11.
343 3303 513 3364 ussurus
532 3301 579 3350 nr
601 3301 726 3362 numus
750 3300 986 3350 ausurosrrus
1007 3298 1076 3349 rao
1098 3298 1193 3347 novo
1215 3299 1308 3347 anuo
1331 3300 1422 3346 nsua
1444 3300 1593 3348 onnam.

300 3435 383 3500 Item
410 3435 446 3499 in
475 3433 528 3500 die
556 3434 809 3499 circumcisionis
839 3432 961 3498 domini
989 3432 1082 3497 dabit
1109 3433 1314 3519 praepositus
1345 3431 1474 3497 famulis
1504 3433 1646 3498 civitatis

225 3558 280 3622 pro
299 3555 386 3600 novo
407 3555 491 3600 anno
513 3557 572 3599 sex
592 3549 641 3620 pq,
667 3555 744 3598 coeo
765 3533 816 3598 vel
844 3555 943 3599 cocae
971 3532 1098 3619 collegii
1126 3533 1276 3617 quinque,
1306 3532 1481 3618 pincernae
1503 3531 1687 3614 totidem,25

224 3636 358 3700 tertiam
379 3643 446 3698 tres
472 3643 504 3697 et
529 3632 656 3699 custodi
683 3634 786 3698 sancti
815 3631 941 3698 Nicolai
968 3632 1064 3697 duos:
1094 3633 1174 3696 lacit
1203 3632 1237 3694 in
1251 3641 1331 3696 'toto
1360 3654 1459 3696 unum
1488 3632 1644 3698 florenum

224 3756 254 3799 m
272 3756 364 3799 auro.

616 3870 661 3931 12.
687 3882 735 3929 nn
754 3881 894 3930 ramma
915 3882 987 3930 uos
1009 3880 1251 3930 orrsunmoa

300 4000 383 4066 Item
404 3997 509 4064 nullus
531 3997 775 4084 collegiatarum
804 3998 901 4063 debet
927 3997 1068 4084 aliquem
1091 3996 1130 4062 de
1158 3996 1283 4062 familia
1309 3997 1437 4084 collegii
1466 3998 1518 4064 vel
1548 3999 1643 4063 etiam

225 4098 354 4165 ulterius
374 4098 522 4184 magistri
542 4097 642 4163 verbo
672 4097 723 4164 vel
751 4098 836 4162 facto
859 4095 1031 4178 offendere,
1059 4095 1117 4161 sed
1146 4098 1173 4162 si
1202 4095 1280 4184 qnid
1307 4119 1425 4162 causae
1453 4097 1503 4162 vel
1533 4097 1686 4182 dupli-so

224 4200 347 4265 sentiae
366 4208 480 4264 contra
498 4196 597 4262 talem
617 4197 768 4263 babuerit
787 4197 839 4261 vel
859 4196 981 4261 habere
1003 4194 1238 4283 praetenderit,
1268 4195 1330 4261 hoc
1348 4195 1435 4260 idem
1457 4199 1643 4284 praeposito

203 4298 349 4389 ,collegii
383 4305 560 4384 proponat,
603 4299 657 4384 qui
692 4318 825 4362 causam
856 4294 1041 4361 huiusmodi
1074 4317 1266 4382 componere
1299 4294 1434 4363 studeat.
1478 4298 1585 4378 Quam
1617 4297 1643 4361 si

220 4396 371 4464 decidere
393 4395 445 4460 vel
468 4393 667 4460 concordare
689 4395 881 4482 nequiverit,
903 4392 946 4458 ad
968 4394 1136 4481 collegium
1158 4393 1306 4477 deducat,
1328 4394 1393 4476 ubi,
1416 4418 1515 4459 causa
1536 4395 1642 4460 huius·

219 4495 307 4562 modi
328 4494 450 4577 audita,
474 4494 589 4560 ambae
610 4505 722 4582 partes
744 4494 907 4560 debebunt
928 4504 1013 4559 stare
1036 4494 1203 4559 dictanfini
1224 4494 1356 4559 maioris
1379 4496 1481 4580 partis
1505 4494 1643 4579 collegii,

217 4595 282 4663 sub
301 4616 412 4683 poena
430 4596 524 4659 unius
544 4593 659 4659 floreni
680 4593 814 4679 collegio
837 4592 1103 4658 irremissibiliter
1125 4591 1341 4679 persolvendi.
1650 4604 1683 4658 35
1713 4630 1716 4636 ·
1835 4587 1842 4600 “

578 4783 624 4844 13.
647 4795 693 4843 nn
714 4793 1023 4877 ramrosrro'uou
1046 4793 1288 4842 uonnsranno.

304 4908 367 4998 [Bl
389 4906 443 4996 4⁸]
464 4910 546 4974 Item
576 4932 670 4975 nemo
698 4909 739 4975 de
764 4910 888 4975 familia
913 4907 1040 4994 collegii
1067 4888 1291 4997 praepositum
1315 4932 1376 4996 pro
1404 4918 1547 4996 tempore
1575 4909 1642 4974 exi·

220 5020 359 5076 stentem
382 5009 555 5075 verbovel
580 5010 666 5074 lacto
693 5008 864 5074 molestare
886 5031 943 5073 seu
970 5006 1074 5074 cidem
1103 5008 1331 5095 quovismodo
1358 5009 1494 5072 iniurias
1522 5008 1641 5073 inferre

224 5118 421 5196 praesumat,
444 5107 503 5174 sub
526 5131 631 5195 poena
652 5108 867 5175 destitutionis
890 5119 922 5174 et
942 5108 1135 5194 privationis
1157 5109 1249 5174 offitii
1271 5109 1329 5174 sui.
1362 5107 1517 5174 Similiter
1535 5106 1641 5173 nullus
