3756 6158
243 445 304 515 466
738 445 789 498 Die
810 444 1029 512 pbilosophisobe
1045 440 1171 498 Facultiit.

247 654 327 720 pore
349 631 608 718 dispensacionis
630 630 887 716 praesentanda,
920 633 994 693 cum
1016 650 1125 711 eausa,
1147 628 1293 713 siquam
1314 625 1431 708 habet,
1464 624 1670 692 conscribere

247 742 279 795 et
300 733 484 816 exprimere
505 738 538 794 et
559 729 699 815 desuper
721 729 994 816 dispensationem
1022 737 1146 813 petere,
1172 735 1209 790 ut
1237 725 1413 791 secundum
1433 725 1670 791 multitudinem

243 842 275 893 et
296 831 492 915 paucitatem
512 827 799 914 negligenciarum,
822 828 1005 895 defectuum
1026 848 1065 890 ac
1093 847 1280 907 causarum,
1304 827 1331 890 si
1354 848 1435 910 quos
1465 823 1576 907 babet,
1603 849 1668 889 ma·

243 930 339 1014 gistri
358 928 470 993 videre
493 928 628 1013 possint,
652 949 694 990 an
716 929 760 992 sit
781 950 890 992 secum
916 927 1030 990 merito
1053 924 1315 1010 dispensandum.
1357 923 1529 1010 Reputant
1563 934 1666 988 autem

101 1013 106 1026 ’
204 1038 218 1091 5
246 1028 406 1112 magistri,
430 1026 624 1113 legittimum
645 1026 911 1113 impedimentum
932 1025 1001 1090 fore
1021 1022 1240 1089 infirmitatem
1262 1035 1318 1090 aut
1337 1024 1529 1090 absenciam
1546 1022 1610 1088 loci
1631 1046 1669 1087 ex

243 1125 436 1191 racionabili
457 1148 557 1191 causa
577 1124 630 1189 vel
651 1124 773 1212 aliquid
795 1126 885 1191 aliud
905 1148 964 1212 per
986 1122 1171 1188 facultatem
1195 1121 1454 1210 approbandum.

464 1321 494 1389 8ss
517 1340 577 1400 our
598 1340 694 1388 umnr
715 1341 871 1391 rossum
891 1339 1012 1389 runnu
1033 1338 1101 1389 ruo
1124 1339 1250 1387 runem
1271 1337 1457 1387 morrona.

330 1453 390 1544 [Bl.
404 1452 475 1543 20⁸]
501 1453 648 1535 Quilibet
667 1456 779 1523 volens
802 1458 916 1523 audire
936 1455 1037 1522 libros
1059 1455 1101 1520 ad
1118 1455 1257 1542 gradum
1268 1453 1386 1520 <lebeta
1396 1455 1492 1518 udire
1503 1453 1670 1518 dumtaxat

252 1556 334 1622 duas
357 1555 510 1621 lectiones
529 1576 596 1618 una
614 1555 741 1620 vicein
763 1557 869 1631 dicet
895 1579 960 1621 non
983 1554 1103 1643 plures.
1144 1554 1189 1619 Et
1220 1577 1285 1620 non
1314 1555 1435 1642 poterit
1468 1553 1585 1618 audire
1617 1551 1669 1618 ali·

119 1656 121 1660 ’
211 1667 243 1722 10
251 1678 347 1745 quam
369 1676 429 1744 pro
449 1655 546 1719 tertia
567 1653 630 1717 uisi
651 1653 856 1722 Priscianum
878 1656 1035 1720 minorem
1060 1677 1122 1743 pro
1142 1653 1362 1718 baccalariatu
1383 1663 1416 1717 et
1436 1652 1669 1718 rethoricorum

245 1753 430 1820 Aristotelis
452 1775 512 1839 pro
535 1754 733 1839 magisterio.
1248 1755 1250 1758 ⁴

246 1925 276 1986 9.
297 1937 345 1985 DE
367 1935 685 1984 RECOGNITIONIBUS
707 1936 816 1984 SUPER
838 1936 997 2001 sutum,
1019 1933 1313 1983 RESPONSIOMBUS
1331 1934 1377 1982 ΕΤ
1392 1934 1484 1982 ALIIS
1498 1933 1669 1982 mauors

526 2035 761 2095 introituobit
783 2034 1068 2085 Diseussa‘rlorus
1090 2033 1385 2087 Pfflsnuuaums

332 2150 446 2215 Nullus
469 2150 599 2237 admitti
621 2149 717 2216 debet
739 2149 782 2215 ad
805 2172 943 2216 examen
959 2148 1201 2215 baccalariatus
1222 2151 1257 2214 in
1278 2148 1414 2232 artibus,
1440 2150 1506 2213 nisi
1529 2158 1669 2235 tempore

207 2250 505 2338 ltdispensacionis
536 2250 570 2314 in
584 2320 588 2329 .
604 2248 737 2319 scedula
763 2272 893 2314 suorum
922 2259 1052 2331 actuum
1076 2250 1332 2334 recognitionem
1360 2250 1410 2313 sui
1433 2247 1639 2314 conventoris
1651 2249 1668 2329 ¹,

247 2372 321 2414 cum
345 2371 408 2436 quo
430 2347 483 2413 vel
503 2347 619 2438 quibus
642 2351 768 2414 steterit
787 2358 819 2412 et
837 2349 911 2414 iura
931 2346 1081 2413 bursalia
1108 2349 1238 2430 fecerit,
1268 2357 1348 2434 puta
1375 2346 1594 2434 disputando,
1624 2369 1667 2411 ar·

246 2446 385 2534 guendo,
408 2446 647 2535 respondendo,
667 2449 842 2513 serotinam
872 2446 1370 2534 disputationemringrediendo,
1391 2445 1589 2512 latinitatem
1609 2467 1668 2510 ser

247 2546 366 2630 vando,
389 2556 510 2634 puncta
530 2569 590 2633 pro
612 2545 751 2632 vulgari,
774 2549 802 2610 si
824 2545 989 2632 obligatus
1008 2547 1121 2622 fuerit,
1149 2546 1315 2629 solvendo,
1337 2550 1567 2633 consignatam
1586 2545 1667 2611 exbi-

249 2646 334 2712 beat
376 2645 483 2725 Quam
504 2646 533 2710 si
554 2668 620 2711 non
641 2645 825 2710 exhibuerit
845 2647 955 2734 sicque
975 2645 1195 2710 verisimiliter
1215 2655 1327 2710 contra
1345 2667 1420 2711 eum
1430 2649 1599 2733 praesumi
1618 2667 1665 2732 po

207 2754 242 2810 20
251 2746 337 2828 terit,
359 2744 446 2830 quod
467 2747 501 2810 in
521 2745 601 2810 locis
629 2743 821 2831 approbatis
848 2745 996 2809 continue
1026 2766 1091 2810 non
1125 2745 1250 2809 steterit
1272 2766 1332 2829 nec
1366 2747 1440 2809 iura
1465 2744 1665 2810 bursaliain

250 2841 371 2909 eisdem
393 2845 515 2926 fecerit,
538 2843 581 2908 ad
602 2852 740 2908 examen
753 2843 813 2907 'vel
834 2853 1032 2930 temptamen
1059 2843 1122 2907 ista
1149 2844 1221 2907 vice
1249 2858 1455 2932 nequaquam
1474 2843 1665 2908 admittatur.

248 2943 287 3007 In
307 2941 484 3026 eademque
505 2941 637 3007 scedula
659 2940 755 3008 debet
775 2940 897 3006 babere
925 2941 1153 3026 magistrorum
1183 2952 1215 3005 et
1247 2941 1505 3008 baccalariorum
1534 2943 1664 3023 nomina,

248 3040 365 3127 quibus
388 3051 455 3106 tam
479 3040 644 3106 ordinarie
665 3062 761 3130 quam
784 3039 1043 3106 extraordinarie
1063 3040 1284 3128 respondebat
1300 3061 1408 3128 poena
1429 3040 1491 3106 snb
1514 3043 1623 3129 priori

293 3246 341 3306 10.
368 3256 627 3304 rnouovnunus
655 3257 690 3302 m
712 3257 860 3304 surmus
880 3230 1032 3322 mamm,
1055 3257 1198 3304 uuonan
1213 3257 1399 3306 -mruoaasr
1420 3231 1630 3323 uscrrousu,

208 3349 240 3403 25
332 3354 471 3402 rorans
495 3355 710 3420 nxsuorrmn
729 3354 797 3402 vsu
819 3355 1085 3404 snsrousrounu
1106 3357 1325 3405 ounmsnmrr
1344 3342 1595 3407 rrsemrxrssrr.²

332 3503 381 3566 Ne
403 3503 494 3566 fraus
517 3516 549 3567 et
570 3501 663 3568 dolus
687 3505 776 3568 circa
798 3503 997 3569 auditionem
1018 3504 1191 3570 lectionum
1213 3515 1245 3569 et
1268 3507 1505 3572 exerciciorum
1529 3505 1664 3592 aliosque

252 3612 342 3666 actus
365 3601 565 3688 principales
587 3603 620 3666 in
643 3602 768 3668 artibus
790 3626 849 3690 per
871 3605 1069 3690 complentes
1092 3606 1319 3686 committatur,
1343 3605 1477 3691 placuit,
1496 3606 1585 3694 quod
1605 3604 1663 3669 nul·

250 3700 300 3765 lus
322 3700 470 3765 decetero
494 3700 590 3767 debet
611 3702 738 3767 admitti
759 3703 802 3766 ad
826 3725 965 3770 examen
984 3703 1223 3768 baccalariatus
1245 3705 1279 3770 in
1301 3703 1427 3770 artibus
1449 3705 1503 3771 vel
1520 3705 1662 3790 adtemp

250 3813 358 3865 tamen
385 3800 700 3885 magistrandorum,
736 3801 800 3865 nisi
832 3811 977 3888 tempore
1009 3802 1267 3889 dispensacionis
1295 3803 1383 3868 dicat
1412 3794 1662 3875 inconscissus

209 3910 322 3980 tosus,
345 3898 431 3987 quod
452 3898 575 3963 nnllam
594 3903 755 3985 integram
776 3899 908 3965 totalem
929 3900 1116 3984 lectionem,
1140 3903 1301 3986 integrum
1328 3904 1529 3970 exercicium
1549 3916 1605 3968 aut
1622 3924 1662 3967 re

250 4000 473 4084 sumpcionem
494 3997 661 4063 facultatis
683 3998 797 4063 audire
818 3999 976 4084 neglexit3
1004 3999 1143 4087 et'quod
1163 4002 1302 4082 tociens,
1331 4003 1488 4087 quociens
1516 4001 1663 4082 debuerit,

254 4096 419 4162 ordinarie
445 4107 513 4161 tam
538 4098 705 4183 magistris
725 4120 823 4184 quarn
848 4097 1043 4163 baccalariis
1071 4101 1288 4186 responderit,
1313 4102 1378 4167 nisi
1405 4101 1559 4187 specifice
1580 4123 1665 4188 super

250 4196 313 4261 boc
335 4219 443 4260 secum
465 4198 562 4261 luerit
584 4196 821 4282 dispensatum
839 4208 877 4261 et
895 4197 982 4283 quod
1004 4199 1179 4284 quemlibet
1203 4201 1414 4285 magistrum,
1441 4223 1463 4266 a
1483 4224 1549 4288 quo
1567 4201 1664 4269 lectio

250 4317 322 4360 nem
350 4295 400 4360 vel
422 4297 611 4360 exercitium
631 4295 765 4377 audivit,
788 4305 977 4360 contentum·
1000 4298 1086 4366 fecit.
1129 4298 1164 4363 Si
1192 4321 1271 4365 vero
1293 4298 1458 4367 defectrun
1480 4303 1578 4368 unius
1596 4302 1664 4365 inte

207 4403 240 4458 35
249 4416 328 4479 grae
353 4393 466 4499 t⁰t⁸li⁸
487 4393 645 4475 lectionis,
668 4395 831 4475 exercicii,
851 4397 1088 4482 resumpcionis
1109 4420 1166 4462 seu
1179 4399 1404 4484 responsionis
1414 4398 1601 4467 ordinariae
1617 4399 1664 4463 ba-

253 4492 367 4574 buerit,
390 4494 497 4578 sig'net
518 4494 624 4579 ipsum
653 4495 686 4557 in
716 4492 814 4557 dorso
843 4493 993 4560 scedulae
1020 4518 1099 4560 suae
1124 4495 1349 4582 completionis
1376 4520 1451 4565 oum
1480 4522 1580 4569 causa
1605 4520 1661 4568 non

252 4592 442 4674 audicionis,
466 4614 562 4678 quam
586 4594 613 4657 si
634 4591 773 4657 facultas
794 4591 902 4678 aliquo
924 4593 1020 4660 modo
1042 4594 1232 4681 legittimam
1261 4605 1293 4661 et
1312 4597 1550 4667 racionabilem
1571 4619 1664 4666 seusa

249 4691 303 4772 rit,
325 4689 491 4776 dispenset
513 4712 622 4781 secpps
642 4693 736 4757 iuxta
757 4691 902 4757 defectus
924 4693 1122 4780 qualitatem.

335 5010 343 5060 t
366 5007 405 5060 Es
423 5005 493 5060 fehlt
509 5005 553 5060 vel
571 5022 680 5059 monna
696 5013 893 5063 conventorum.
929 5007 993 5079 vgl.
1012 5007 1083 5063 oben
1102 5007 1129 5063 S.
1147 5013 1187 5076 21,
1206 5013 1240 5068 28
1254 5014 1386 5066 muntem
1405 5017 1467 5084 stu
1483 5017 1526 5070 34.

334 5094 349 5144 2
368 5090 422 5143 Am
443 5090 540 5146 Raude
558 5091 665 5161 ὡραίαν
680 5097 805 5160 qrsortnm
823 5110 910 5147 novae
928 5093 1123 5148 ordinationis.
