3756 6158
247 463 308 530 ttt
737 470 788 521 na
810 470 1029 534 panomphaeo
1048 471 1175 521 scuras

288 651 376 712 Nacti
395 653 459 710 dem
484 672 541 710 oon
568 653 627 713 asir
648 655 745 714 lister
765 655 967 715 beobachoetea
996 656 1166 730 Versalsraa
1187 656 1259 716 tata
1279 657 1326 716 icls
1346 657 1390 716 aia
1410 658 1485 718 ater
1505 657 1586 717 nield
1605 676 1660 717 coa

287 750 341 808 der
361 748 450 809 Stella
472 757 628 826 estseraen
656 756 773 828 wellen,
805 774 850 815 wo
876 755 919 814 sia
944 755 1234 832 aiederpascbriebea
1264 776 1383 828 waren,
1414 757 1529 815 obwotl
1551 757 1597 816 iet
1617 758 1661 817 dte

290 849 460 910 Uaharsislit
480 851 648 911 arleicttert
667 854 756 925 Mitte,
777 873 862 914 wean
882 855 929 915 aa
950 854 1039 916 iliaca
1059 863 1121 915 erat
1144 863 1233 914 anter
1254 857 1312 914 alea
1323 856 1477 916 Zssac's'tzea
1497 855 1662 916 ilsredtelle

287 948 473 1026 annoniaco
494 952 584 1012 lzc'ttta.

204 1161 302 1227 tvl.
346 1162 514 1231 Statnta
533 1189 654 1249 nova,
674 1169 931 1255 generaliter
953 1192 1087 1236 omnes
1109 1170 1327 1256 magistros
1348 1173 1663 1255 concernentia,

286 1283 389 1347 quae
411 1265 539 1333 etiam
559 1264 645 1353 legi
676 1266 827 1335 debent
852 1292 923 1355 per
942 1269 1138 1344 decanum
1159 1279 1341 1356 tempore
1360 1271 1627 1357 recepcionis

849 1367 1062 1437 ordinarii

497 1524 522 1583 1.
541 1535 677 1584 Ριιιιιιιι
693 1536 740 1584 nn
762 1536 1072 1587 onsuramonmns
1090 1535 1418 1585 nxraaonnmsxus.

326 1649 408 1714 Item
418 1649 548 1736 placuit,
570 1651 656 1736 quod
669 1653 816 1738 magistri
829 1638 892 1739 pro
898 1652 1051 1718 facultate
1063 1650 1259 1739 complentes
1270 1651 1374 1737 primo
1385 1672 1471 1716 anno
1483 1651 1659 1736 magisterii

206 1749 295 1813 tosui
317 1749 422 1813 occies
440 1749 698 1816 extraordinarie
716 1750 889 1838 disputent,
911 1753 1017 1839 primo
1034 1751 1239 1837 quaestiones
1254 1757 1286 1815 et
1296 1748 1503 1838 sophismata
1516 1770 1661 1837 praesen-

244 1855 349 1913 tantes
377 1846 516 1930 decano,
543 1859 581 1915 ut
610 1851 658 1915 sic
685 1872 795 1917 eorum
827 1850 1000 1938 diligencia
1033 1852 1223 1916 innotescat
1265 1847 1361 1929 Quod
1393 1850 1421 1914 si
1459 1847 1660 1934 neglexerint

245 1948 351 2034 primo
373 1969 467 2030 anno,
488 1947 622 2035 triplant
642 1948 717 2016 illas
738 1950 993 2038 disputariones,
1015 1950 1098 2017 alias
1119 1949 1164 2016 ad
1175 1947 1354 2016 consilium
1374 1947 1542 2015 facultatis
1563 1947 1658 2014 nulla-

245 2056 339 2112 tenus
358 2045 580 2114 admittantur.

722 2172 752 2234 2.
783 2185 830 2233 nn
850 2183 951 2236 nono
973 2181 1185 2232 nmacnnns.

206 2303 236 2360 15
323 2294 459 2379 Placuit,
481 2297 568 2384 quod
590 2296 631 2364 de
653 2306 760 2364 cetero
780 2302 929 2389 magistri
951 2307 1138 2366 exercentes
1159 2299 1194 2363 in
1214 2296 1345 2385 publico
1366 2294 1438 2361 loco
1452 2317 1514 2382 per
1534 2293 1657 2362 modum

145 2451 149 2458 .
245 2394 404 2460 examinis
425 2398 512 2461 omni
532 2396 586 2462 die
602 2396 797 2488 xdisputabili
817 2397 988 2487 diligenter
1008 2420 1161 2464 exercere
1181 2395 1300 2462 debent
1316 2395 1388 2460 sine
1401 2393 1478 2460 dolo
1494 2404 1528 2460 et
1542 2392 1658 2477 fraude,

245 2493 403 2580 legittima
423 2518 488 2561 non
508 2495 703 2583 impediente
724 2519 839 2582 causa,
865 2508 901 2564 ut
926 2496 1112 2563 infirmitate
1133 2494 1185 2561 vel
1205 2495 1270 2561 loci
1290 2492 1457 2575 absencia.
1500 2491 1540 2559 si
1560 2503 1657 2559 autem

242 2587 339 2681 pauci
370 2602 477 2659 essent
511 2595 677 2663 audientes
708 2619 768 2661 neo
800 2597 890 2685 locus
922 2599 1133 2680 conveniens,
1167 2603 1300 2675 extumo,
1333 2592 1472 2657 licencia
1501 2590 1614 2658 habita
1642 2614 1659 2656 a

244 2693 375 2772 decano,
392 2703 424 2758 et
449 2695 648 2779 senioribus,
678 2696 848 2784 'disputent
880 2698 915 2762 in
946 2696 1151 2763 habitacione
1181 2716 1241 2760 sua
1273 2693 1367 2758 iuxta
1395 2689 1530 2757 modum
1568 2713 1658 2780 supra

204 2800 443 2880 toexpressum,
465 2793 524 2863 sub
544 2817 650 2882 poena
669 2796 867 2883 privationis
888 2805 1001 2882 pastus
1024 2805 1056 2862 et
1074 2793 1296 2882 suspensionis
1316 2789 1360 2858 ad
1381 2798 1506 2864 eertum
1530 2800 1657 2879 tempus,

244 2913 304 2979 per
325 2890 482 2958 decanum
510 2903 542 2960 et
570 2893 757 2961 facultatem
785 2893 1008 2986 exprimenda.
1047 2893 1091 2960 Et
1119 2891 1216 2958 debet
1243 2891 1385 2958 decanus
1411 2911 1532 2957 nomen
1553 2888 1655 2979 dispu-

243 2992 341 3057 tantis
371 2992 550 3060 inscribere
575 2995 660 3059 sicut
685 2993 822 3082 legentis
849 3004 889 3061 et.
911 2996 941 3060 ei
969 2995 1056 3060 circa
1089 2992 1151 3058 hoc
1174 2985 1367 3076 iniungere,
1386 2987 1491 3077 ‚quod
1507 2987 1582 3079 ⁸sub
1609 2982 1658 3055 silo

245 3090 424 3157 iuramento
442 3102 474 3157 et
493 3114 599 3179 poena
618 3115 775 3179 expressa
795 3103 836 3177 et,
859 3095 886 3159 si
905 3117 986 3181 opus
1007 3093 1114 3175 tiierit,
1136 3087 1350 3185 exprimenda
1370 3087 1524 3177 disputet
1571 3087 1659 3171 Quod

246 3190 274 3254 si
294 3211 359 3256 non
380 3190 509 3273 fecerit,
538 3214 597 3278 per
619 3192 779 3260 decanum
800 3201 832 3259 et
858 3202 1044 3259 executores
1068 3214 1160 3274 suos,
1191 3187 1329 3256 eundem
1349 3188 1514 3257 inavisate
1534 3188 1658 3254 vinan-

203 3296 306 3371 25tes,
327 3287 555 3355 denuncciatua
576 3292 669 3358 iuxta
690 3292 887 3379 condignum
907 3289 1152 3379 miniatum-hoc
1167 3280 1414 3377 annexo,'qucd
1427 3310 1488 3377 pro
1504 3287 1657 3354 exereicm

244 3410 421 3474 parvorum
448 3387 623 3475 loycalium
649 3393 797 3477 magistri
823 3391 925 3457 libere
950 3390 1117 3477 disputare
1137 3399 1275 3475 possunt
1297 3388 1471 3475 septimum
1491 3395 1656 3453 tractatum

243 3486 334 3551 Petri
366 3487 516 3574 Hispani¹
543 3510 616 3554 cum
651 3501 792 3557 tractatu
829 3489 968 3578 quodam
1004 3489 1304 3576 consequentiarum
1343 3496 1401 3552 aut
1432 3485 1583 3553 Maulfelt
1611 3483 1655 3550 vel

246 3584 386 3652 alterius.

747 3679 776 3741 3.
803 3691 850 3738 nn
873 3688 973 3738 nono
993 3687 1156 3738 anesum.

204 3811 238 3869 ³0
329 3803 411 3868 Item
431 3803 569 3890 placuit,
596 3803 684 3894 quod
704 3803 846 3891 legentes
868 3806 961 3870 iuxta
981 3805 1146 3892 antiquum
1168 3811 1332 3885 statutum,
1352 3799 1395 3867 de
1415 3799 1515 3887 modo
1536 3798 1654 3888 legendi

245 3902 425 3968 confectum
454 3906 541 3969 omni
569 3903 622 3968 die
649 3903 771 3991 legibili
797 3904 923 3991 legant,
952 3905 999 3969 ita
1020 3903 1107 3990 quod
1128 3901 1250 3968 nullam
1271 3900 1452 3967 leccionem
1473 3902 1546 3966 sine
1564 3921 1653 3966 causa

245 4002 431 4068 rationabili
447 4003 624 4091 negligant,
645 4014 682 4069 ut
702 4005 768 4069 iam
788 4026 888 4090 supra
901 4003 941 4069 de
951 4002 1176 4068 exercentibus
1191 4023 1386 4088 expressum
1403 4009 1465 4082 est,
1487 3999 1548 4065 sub
1563 4019 1655 4086 poena

245 4103 443 4188 privacionis
467 4113 581 4190 pastus
603 4103 747 4169 eiusdem
765 4102 926 4187 leccionis,
951 4114 1046 4187 quem
1067 4099 1209 4166 decanus
1229 4123 1295 4165 una
1314 4119 1394 4165 cum·
1409 4097 1655 4165 taxatoribnset

246 4200 472 4266 executoribus
498 4204 565 4266 suia
597 4201 686 4290 apud
717 4226 751 4267 se
775 4204 914 4267 retinere
936 4200 1031 4266 debet
1057 4210 1089 4265 et
1108 4198 1221 4266 lectori
1238 4196 1511 4285 negligentisine
1533 4196 1653 4286 speciali

204 4310 405 4366 abconsensu
423 4300 586 4367 facultatis
606 4325 671 4368 non
691 4302 901 4384 distribuere,
937 4323 1020 4386 quae
1047 4308 1168 4365 extunc
1188 4298 1246 4364 tali
1265 4298 1396 4379 lectori,
1434 4298 1481 4363 sic
1509 4307 1546 4363 ut
1572 4319 1652 4395 prae

246 4400 389 4464 mittitur'
410 4397 631 4484 denuncciato,
658 4400 842 4467 ulteriorem
868 4421 1017 4488 poenam,
1046 4398 1199 4465 videlicet
1225 4398 1449 4484 suspensionis
1476 4395 1522 4463 ad
1543 4405 1651 4463 certum

244 4509 381 4586 tempus,
404 4498 497 4564 iuxta
514 4499 733 4593 negligencias
755 4523 830 4566 suas
849 4498 948 4565 habet
968 4497 1116 4584 infligere
1139 4507 1171 4563 et
1191 4499 1387 4584 exprimere.
1571 4491 1573 4497 ’

728 4673 757 4733 4.
783 4685 831 4733 nn
852 4682 952 4732 nono
974 4681 1184 4731 asomum.

320 4780 408 4864 'Item
428 4797 566 4884 placuit,
589 4798 676 4885 quod
699 4822 809 4865 omnes
831 4799 1071 4885 resumpciones
1094 4796 1239 4884 publice,
1267 4819 1288 4862 a
1309 4794 1556 4884 quibuscunque
1575 4793 1648 4872 liant,

204 4894 365 4960 todebent
383 4895 455 4961 fieri
479 4896 520 4962 de
543 4897 679 4964 licencia
698 4899 811 4964 decani
840 4907 873 4963 et
900 4899 1062 4963 seniorum
1088 4899 1140 4962 et¹
1169 4918 1228 4983 per
1256 4895 1388 4962 modum
1415 4896 1587 4976 examinis,
1613 4893 1648 4956 iu

203 5144 222 5199 d
291 5066 299 5113 1
321 5060 530 5204 Diegltpptede
548 5063 665 5119 licerscio
681 5062 723 5119 bis
742 5070 768 5118 at
784 5062 844 5117 sind
862 5079 905 5116 am
922 5062 1020 5118 Raude
1039 5061 1256 5133 naehgctragen,
1273 5058 1353 5130 doeh,
1371 5058 1423 5115 aie
1440 5075 1471 5115 ea
1486 5057 1645 5126 amatim

223 5161 253 5201 er
268 5150 365 5201 ersten
1096 5152 1098 5157 ’
