3756 6158
243 440 304 507 286
819 439 874 491 Das
890 439 1092 505 Franencolleg.

244 645 316 688 rum
339 619 516 685 eommunis
538 640 679 701 mensae,
706 617 828 685 idcireo
851 621 1055 686 severissime
1078 619 1297 707 prohibemus,
1324 643 1366 685 ne
1391 622 1606 708 imposterum
1624 623 1664 685 in·

245 720 358 809 quilini
388 716 567 783 concedant
594 716 778 782 huiusmodi
807 721 1061 804 compotationes
1094 721 1315 785 convictorum
1343 716 1481 785 alieuius
1503 742 1666 787 mensaee

244 813 359 908 pu[l7]
368 815 452 881 blico
479 816 687 881 convictorio.
730 816 856 896 Quodsi
881 819 953 902 quis
981 827 1094 883 contra
1122 816 1264 882 edictum
1289 816 1353 883 hoc
1379 827 1529 884 nostrum
1560 820 1668 885 fecerit

244 928 276 982 ct
303 915 368 981 tale
396 913 474 1002 quid
502 915 536 978 in
562 936 621 979 suo
648 937 759 979 museo
788 917 999 995 concesserit,
1029 917 1058 981 is
1087 916 1212 1004 absque
1240 916 1327 982 omni
1356 918 1549 1004 exceptione
1577 920 1667 987 trium

201 1029 217 1082 5
244 1012 459 1103 imperialium
488 1012 644 1078 mulctam
676 1012 844 1078 exsolvite.
884 1012 1028 1079 Maxime
1050 1036 1127 1079 vero
1155 1023 1291 1097 noctem,
1319 1013 1478 1084 divinitus
1501 1015 1669 1082 elementer

242 1115 285 1180 ad
313 1115 420 1202 quiete
450 1110 641 1177 reficiendas
671 1134 844 1198 corporum
868 1113 955 1176 vires
986 1134 1183 1196 concessam,
1209 1111 1359 1179 volumus
1389 1137 1516 1181 summo
1547 1115 1669 1181 silentio

242 1214 390 1297 transigi.
424 1210 519 1274 Hanc
539 1211 638 1295 igitur
662 1211 772 1295 quiin
795 1211 936 1274 omniurn
957 1220 1103 1276 nostrum
1126 1213 1276 1277 iniuriam
1300 1211 1547 1300 quibuscunque
1568 1213 1668 1279 modis

243 1316 312 1378 iam·
338 1312 432 1375 dictis
455 1309 575 1373 furiose
601 1307 792 1391 turbaverit,
821 1307 956 1374 duorum
978 1309 1244 1374 ioachimicorum
1272 1310 1425 1376 mulctam
1447 1311 1500 1377 vel
1521 1308 1588 1401 [18]
1609 1334 1670 1377 arn·

243 1412 329 1499 plius
354 1432 414 1496 pro
440 1406 549 1471 delicti
575 1406 798 1491 magnitudine
824 1406 1015 1494 dependito,
1045 1410 1101 1495 qui
1130 1408 1283 1492 seeundo,
1313 1408 1464 1497 duplum3
1492 1412 1550 1498 qui
1571 1413 1671 1491 tertio,

207 1523 238 1578 10
249 1513 356 1577 statim
381 1531 423 1572 ex
443 1505 578 1590 collegio
602 1503 804 1587 excludatur,
833 1508 1015 1594 quicunque
1044 1506 1098 1571 ille
1126 1508 1233 1572 fuerit
1276 1509 1388 1595 Neque
1410 1508 1602 1574 admittetur
1621 1531 1671 1574 ex·

245 1610 367 1676 cusatio
396 1615 603 1670 externorum
632 1612 688 1668 aut
715 1603 887 1690 hospitum,
915 1604 972 1670 scd
997 1606 1155 1693 cuiusque
1175 1605 1396 1689 habitationis,
1423 1606 1483 1673 ubi
1501 1606 1672 1695 deliquisse

244 1708 368 1794 aliquos
397 1714 597 1791 compertum
626 1703 738 1784 suerit,
767 1702 917 1790 inquilini
944 1701 1193 1769 mulctabuntur.
1234 1704 1377 1772 Musicos
1407 1716 1522 1771 cantus
1548 1696 1672 1795 'quales-

245 1827 369 1892 cunque
390 1803 510 1868 nemini
537 1801 772 1882 interdicimus,
801 1800 974 1867 dummodo
996 1802 1111 1866 musici
1132 1802 1180 1866 illi
1203 1804 1274 1887 sint,
1296 1805 1316 1868 i.
1337 1826 1364 1869 e.
1387 1800 1495 1870 studio
1516 1802 1672 1871 bonoram

245 1907 363 1970 artium
385 1913 417 1968 et
437 1897 714 1986 humani[ttl]tatis
743 1899 843 1986 digni,
863 1922 1028 1987 ,suumque
1051 1901 1235 1966 atmodum
1259 1911 1291 1967 et
1311 1914 1438 1990 tempus
1466 1900 1621 1987 habeant,
1647 1905 1672 1967 si

205 2017 235 2071 15
246 2004 370 2070 scilicet
392 2012 488 2066 extra
506 1998 686 2064 studiorum
711 2007 743 2064 et
768 2008 946 2064 noeturnae
975 1997 1092 2086 quietis
1121 1999 1219 2066 horas
1247 2002 1329 2067 eitra
1357 2023 1450 2068 suum
1479 2011 1513 2068 et
1540 2001 1672 2069 aliorum

244 2100 507 2190 impedimentum
526 2097 615 2163 fiant.

829 2265 878 2313 DE
900 2264 1082 2313 nuunlcns.

840 2383 1007 2433 statutum
1029 2381 1074 2431 VI.

329 2503 373 2567 Et
403 2524 462 2589 per
492 2522 526 2566 se
554 2496 728 2587 praeclara
757 2495 908 2581 utilisque
937 2517 990 2560 res
1023 2504 1072 2559 est
1100 2494 1264 2560 mundicia
1297 2506 1331 2561 et
1357 2502 1505 2562 nostrum
1532 2496 1681 2564 ordinem

203 2603 339 2668 todeeet
368 2601 542 2687 imprimis,
572 2608 604 2663 et
632 2598 764 2661 minime
794 2593 960 2659 ferendum
988 2604 1051 2675 est,
1080 2605 1115 2656 ut
1145 2593 1364 2678 ingredientes
1393 2593 1455 2659 has
1484 2594 1584 2661 aedes
1612 2619 1687 2663 non

247 2696 535 2787 scholttlllasticos
560 2696 666 2761 inhia
695 2693 752 2758 sed
775 2715 848 2757 sues
873 2691 1048 2757 seeundum
1069 2691 1220 2757 Plautum
1249 2689 1398 2757 habitare'
1434 2694 1563 2780 possint
1592 2692 1696 2760 arbi—

246 2801 335 2866 trari.
366 2797 511 2862 Primum
536 2796 636 2882 igitur
663 2815 740 2858 suae
762 2792 898 2879 quisque
918 2788 1114 2855 valetudinis
1136 2813 1235 2855 causa
1256 2813 1321 2856 non
1343 2789 1446 2857 solum
1467 2793 1601 2879 ingrata
1619 2793 1699 2862 set!

248 2900 345 2962 etiam
368 2897 517 2960 nocentia
540 2892 680 2980 undique
701 2892 862 2956 removeri
884 2888 1021 2971 studeat,
1044 2888 1200 2976 dabitque
1228 2912 1371 2978 operam,
1393 2900 1429 2956 ut
1449 2892 1494 2957 sit
1514 2893 1699 2981 purgatis-

250 2998 332 3060 sima
354 3017 412 3059 sua
435 2995 591 3079 cuiusque
612 2990 779 3055 habitatio.
810 2988 1007 3072 Assignatus
1029 2998 1135 3052 autem
1158 2989 1247 3053 locus
1270 2999 1327 3073 est,
1349 2990 1384 3053 in
1405 3011 1504 3077 quem
1525 3012 1574 3074 ea,
1595 3013 1699 3079 qna<

205 3103 484 3161 ttconvcrruntur
511 3088 736 3179 expurgando,
763 3086 881 3151 deferri
905 3085 1032 3151 debent.
1074 3087 1164 3151 Inter
1190 3087 1399 3153 deferendum
1424 3089 1570 3178 nequid
1596 3100 1699 3157 strn-

246 3203 428 3259 mentorum
450 3189 635 3257 sordiumve
657 3186 789 3252 excidat
809 3195 841 3250 et
862 3182 929 3249 ulla
950 3185 984 3248 in
1006 3193 1100 3271 parte
1123 3180 1187 3271 [21]
1211 3185 1339 3251 aedium
1360 3186 1573 3276 relinquatur,
1603 3188 1699 3258 dili-

247 3303 360 3378 genter
392 3291 502 3354 caveri
532 3287 688 3353 volumus.
732 3284 832 3351 Cuius
861 3283 923 3348 hac
952 3286 987 3347 in
1023 3292 1117 3369 parte
1145 3284 1343 3371 negligentia
1372 3285 1578 3373 deprehensa
1603 3289 1699 3375 erit,

246 3391 288 3456 ab
311 3412 348 3454 eo
371 3389 542 3474 exigentur
563 3385 701 3450 mulctae
729 3384 800 3449 loco
829 3385 937 3468 grossi
966 3382 1105 3469 angelici
1131 3382 1205 3447 duo.
1247 3383 1339 3449 Idem
1367 3396 1579 3472 praeceptum
1605 3398 1693 3457 esto

246 3489 287 3555 de
308 3486 508 3574 segminibus
529 3485 702 3570 lignorum,
723 3493 759 3547 ut
779 3482 865 3549 illico
886 3486 1062 3569 asportatis
1084 3483 1124 3546 iis
1145 3481 1235 3547 locus
1257 3483 1418 3550 verrendo
1440 3482 1486 3551 ad
1505 3485 1685 3572 pristinam

205 3585 445 3654 30111undiciem
465 3585 642 3670 redigatur.
683 3582 749 3647 Par
773 3590 822 3646 cst
848 3592 881 3646 et
904 3581 1031 3646 illorum
1062 3581 1189 3664 levitas,
1218 3583 1272 3669 qui
1293 3604 1311 3647 e
1331 3582 1484 3649 fenestris
1504 3583 1557 3649 vel
1577 3583 1677 3654 unde

247 3708 371 3771 cunque
406 3707 447 3749 ex
480 3683 681 3748 habitatione
713 3682 865 3767 quapiam
896 3679 1026 3744 chartas
1055 3694 1087 3745 et
1115 3702 1279 3768 papyrum
1305 3681 1493 3767 proiiciunt
1532 3682 1613 3747 Nam
1644 3688 1670 3749 sl

247 3783 411 3871 simplices
444 3782 520 3846 illae
550 3782 670 3845 fuerint
697 3775 761 3866 [22]
790 3778 936 3860 chartae,
969 3780 1088 3844 eiector
1118 3802 1182 3844 uno
1214 3777 1361 3865 angelico
1389 3779 1609 3863 mulctabimr5
1639 3784 1662 3845 si

247 3884 388 3950 lusoriae
416 3878 490 3945 illae
516 3880 650 3961 fuerint,
679 3877 800 3960 tribus,
828 3879 855 3941 si
882 3877 997 3941 foedae
1024 3887 1056 3941 et
1083 3876 1268 3941 immundae
1296 3878 1418 3943 hierint
1444 3878 1575 3945 chartae
1596 3900 1654 3964 pro

247 3985 360 4065 iectac,
390 3982 539 4066 exigetur
563 3977 603 4042 ob
626 3976 687 4042 hoc
716 3975 846 4042 loedum
873 3977 999 4039 facinus
1021 3997 1042 4040 a
1063 3974 1318 4061 designantibus,
1344 3986 1376 4041 et
1402 4000 1508 4065 neque
1534 3977 1592 4045 sibi
1610 3998 1649 4041 nc-

208 4094 241 4149 35
253 4104 314 4168 que
343 4077 415 4145 aliis
445 4080 510 4143 imo
532 4098 635 4163 neque
663 4075 824 4140 honestati
852 4073 1071 4161 parcentibus,
1101 4076 1241 4162 primum
1269 4073 1424 4141 dimidius
1450 4076 1647 4151 ioacbimicus;

250 4183 278 4246 si
298 4181 425 4260 iterum,
445 4174 567 4243 mulcta
589 4172 788 4261 duplicetur3
816 4175 844 4239 si
866 4173 971 4254 tertio,
999 4171 1180 4260 triplicetur
1202 4186 1243 4255 et,
1271 4182 1309 4238 ut
1329 4196 1348 4239 e
1369 4173 1508 4261 collegio
1530 4177 1644 4261 emigret,

249 4278 407 4346 iubeatur.
448 4272 587 4356 Deinde,
615 4295 656 4337 ne
683 4273 756 4360 quis
779 4270 916 4337 alterum
942 4270 1095 4338 sordibus
1123 4270 1275 4354 offendat,
1302 4271 1435 4339 minime
1457 4270 1523 4361 [23]
1542 4268 1645 4339 fsrmdt

248 4390 297 4445 est
325 4372 517 4462 angulorum
546 4370 674 4458 collegii
703 4370 895 4436 defoedatio.
935 4368 1059 4435 Pueros
1088 4372 1188 4456 igitur
1214 4368 1256 4435 ab
1284 4372 1380 4435 urina
1406 4371 1601 4459 impudenter
1619 4385 1643 4429 eo

246 4474 416 4543 reddenda
437 4484 469 4538 et
491 4469 684 4559 spargendis
705 4469 902 4535 stereoribus
931 4467 1064 4554 singuli,
1092 4490 1229 4556 quorum
1254 4467 1302 4533 illi
1331 4478 1422 4553 sunt,
1450 4469 1605 4551 arcebunt,
1620 4471 1644 4527 ut

205 4576 338 4645 toomni
368 4582 524 4638 caveatur
553 4569 676 4651 studio,
708 4591 749 4634 ne
777 4566 1029 4654 ingredientium
1056 4590 1129 4650 ora,
1162 4587 1260 4632 nares
1289 4576 1322 4632 et
1349 4567 1435 4633 oculi
1463 4567 1643 4637 offendantur·

246 4676 341 4743 Haec
369 4674 553 4761 quicunque
574 4667 786 4750 commiserit,
815 4689 952 4754 poenam
982 4664 1191 4731 arbitrariam
1219 4687 1239 4729 a
1265 4667 1455 4754 praeposito
1476 4668 1559 4733 ferro
1577 4681 1642 4748 ctat

246 4785 308 4840 tur.
350 4772 453 4837 Nemo
486 4770 583 4833 etiam
611 4766 663 4832 vel
695 4765 808 4833 sordes
837 4764 889 4831 vel
917 4764 1089 4846 stramina,
1123 4785 1206 4850 quae
1235 4763 1279 4828 ad
1309 4775 1499 4833 consuetum
1525 4778 1556 4831 et
1580 4763 1642 4831 biset

246 4873 344 4939 rebus
371 4870 561 4958 deputatum
584 4865 691 4931 locum
712 4865 874 4951 asportari
896 4862 1025 4944 debent,
1048 4858 1112 4948 [24]
1138 4863 1173 4926 in
1201 4861 1336 4947 angulos
1363 4864 1541 4931 eutalium
1565 4862 1641 4929 locum

247 4980 413 5057 congerat,
426 4980 430 4987 '
444 4967 495 5033 vel
517 4987 576 5053 per
597 4964 756 5030 fenestras
778 4964 812 5027 in
832 4962 997 5049 publicum
1028 4960 1160 5025 deiiciat
1187 4961 1285 5049 inque
1307 4963 1452 5049 spatium
1473 4961 1559 5044 illud,
1581 4951 1641 5046 qwl

205 5080 297 5139 diest
317 5071 403 5133 intra
424 5066 566 5131 civitatis
587 5086 714 5130 murum
740 5070 771 5126 et
793 5061 964 5144 collegium
985 5069 1140 5143 nostrum,
1169 5059 1255 5145 quod
1276 5059 1386 5128 multis
1409 5057 1451 5128 de
1472 5063 1573 5130 eauaia
1588 5073 1640 5144 pur·
