3756 6158
248 457 308 522 258
817 454 874 507 nu
894 455 982 541 kleIne
1000 455 1104 520 Colleg.

248 638 344 700 luerit
374 637 520 722 huncque
552 637 706 701 iniuriose
742 634 924 720 offenderit,
955 637 1100 723 graviter
1129 660 1150 700 a
1178 633 1313 720 collegio
1341 634 1517 701 arbitraria
1552 637 1668 702 mulcta

249 735 431 822 puniendus
452 746 510 800 est.

639 848 684 937 [S.
708 849 759 940 21]
781 871 828 918 ns
850 869 1047 918 ncscrrona
1068 868 1282 917 amurcam.

813 990 986 1040 Statntum
1004 987 1103 1039 xvn.

205 1114 221 1167 5
328 1100 417 1187 Eligi
439 1104 643 1189 praepositus
665 1102 760 1167 debet
781 1101 940 1168 sabbatho
962 1101 1052 1167 finali
1073 1101 1288 1166 nundinarum
1310 1100 1523 1188 paschalium,
1549 1112 1582 1164 et
1601 1103 1668 1186 qui·

249 1202 322 1267 dem
344 1224 385 1265 ex
407 1224 540 1265 numero
563 1199 788 1266 salariatorum
818 1201 1015 1288 collegarum
1043 1211 1179 1282 tantum,
1209 1199 1383 1265 secundum
1409 1199 1557 1265 ordinem
1585 1201 1670 1264 senii

185 1328 188 1333 ·
248 1302 420 1368 Caeterum
441 1298 713 1366 administrationi
734 1299 944 1388 praeficiendi
965 1310 1039 1365 sunt
1060 1298 1172 1364 saltem
1194 1300 1217 1363 ii
1239 1322 1279 1364 ex
1301 1299 1474 1382 salariatis‚
1500 1300 1558 1387 qui
1577 1321 1670 1387 prae·

247 1412 354 1466 sentes
381 1409 456 1464 sunt
484 1410 516 1463 et
543 1398 715 1483 collegium
742 1396 933 1465 inhabitant.
979 1397 1016 1463 Si
1043 1399 1144 1483 igitur
1170 1397 1250 1464 ordo
1280 1398 1572 1465 administrationis
1600 1421 1668 1463 eum

246 1501 405 1586 attigerit,
432 1499 487 1586 qui
515 1500 549 1563 in
575 1497 654 1563 urbe
684 1508 908 1581 commoretur,
935 1496 1077 1581 curabit,
1104 1508 1140 1564 ut
1167 1496 1252 1562 illius
1280 1499 1369 1563 vices
1397 1508 1494 1584 gerat
1520 1520 1605 1565 unns
1631 1521 1670 1563 ex

210 1610 241 1665 10
250 1598 413 1665 salariatis
433 1620 588 1686 praesens
610 1600 643 1663 in
666 1594 812 1683 collegio.

665 1759 712 1850 [S.
733 1760 785 1852 22]
806 1780 854 1828 nn
876 1777 1016 1839 orr1cro
1039 1778 1253 1829 rmsrosrrr.

803 1898 976 1949 Statntnm
992 1898 1110 1948 XVIII.

329 2014 482 2081 Officium
502 2012 685 2100 praepositi
705 2011 822 2077 annale
838 2013 908 2089 erit,
929 2021 1048 2093 etcum
1062 2010 1304 2095 diligentissimi
1321 2009 1570 2098 patrisfamilias
1583 2013 1667 2077 vices

245 2125 352 2199 gerat,
381 2114 540 2200 imprimis
554 2134 683 2177 curare
712 2111 822 2194 debet,
851 2122 886 2176 ut
912 2110 1057 2196 collegae
1084 2109 1257 2197 tranquille
1281 2132 1510 2196 germanorum
1535 2111 1667 2175 frauum

207 2223 336 2279 15more
363 2235 429 2277 una
458 2213 589 2292 vivant,
633 2210 750 2275 deinde
778 2220 813 2275 ut
838 2211 911 2275 iura
938 2210 1065 2296 collegii
1094 2219 1230 2291 tuocum,
1261 2209 1461 2274 honestatem
1492 2220 1665 2287 conservet,

248 2316 281 2377 in
301 2334 406 2376 mores
428 2309 659 2399 inquilinorum
680 2309 934 2392 animadvertat,
964 2312 999 2375 in
1018 2309 1207 2375 emonendis
1229 2308 1378 2374 censibus
1400 2307 1528 2395 collegii
1551 2318 1584 2373 et
1601 2330 1663 2373 ero·

246 2411 361 2497 gandia
384 2409 566 2482 elemosinis
588 2430 627 2474 ao
648 2408 782 2497 reliquis
810 2408 1043 2475 distribuendis
1073 2411 1115 2474 sit
1140 2408 1224 2473 fidus
1250 2431 1288 2475 ac
1313 2407 1460 2494 diligens,
1487 2407 1663 2484 rationibus

246 2509 383 2575 fideliter
403 2510 540 2596 praesit,
570 2507 741 2595 dlligenter
764 2507 892 2573 curabit
918 2509 1035 2591 omnia,
1064 2524 1147 2595 quae
1175 2506 1218 2572 ad
1246 2508 1487 2573 oeconomicam
1507 2509 1665 2595 pertinent

239 2607 454 2691 ,industriam3
484 2615 597 2673 cenna
617 2609 646 2673 si
666 2607 779 2673 fecerit
799 2607 852 2672 vel
872 2606 1016 2694 alicuius,
1029 2605 1257 2693 negligentiae,
1286 2605 1485 2693 petulantiae
1509 2615 1570 2671 aut
1590 2605 1664 2671 alte·

204 2710 314 2773 torius
328 2709 439 2774 etiam
466 2704 574 2777 delicti
595 2708 760 2772 convictis
789 2706 900 2790 fuerit,
928 2708 963 2770 in
990 2705 1083 2772 illum
1106 2704 1240 2771 habebit
1260 2704 1431 2792 collegium
1452 2700 1663 2793 amman-[ta]

245 2809 426 2874 versionem
455 2807 574 2873 iustam
603 2805 740 2871 mulctae
768 2805 821 2871 vel
850 2826 989 2893 poenae,
1019 2827 1116 2894 quam
1146 2807 1265 2893 poterit
1292 2806 1421 2892 exequi,
1451 2826 1525 2871 cum
1556 2805 1666 2870 exierit

244 2909 470 2995 magistratum
490 2928 592 2972 suum.

697 3038 744 3088 nn
766 3037 974 3088 mrronmus
995 3002 1211 3087 rasnronrr.

804 3159 974 3208 statutum
992 3157 1072 3208 XIX.

204 3281 237 3337 25
327 3274 480 3358 Inprimis
502 3271 681 3337 elaborabit
701 3272 736 3337 in
757 3271 1023 3359 eo'praepositus
1047 3294 1145 3359 qnam
1167 3271 1412 3356 studiosissime,
1433 3281 1469 3338 ut
1492 3272 1552 3338 sub
1574 3272 1665 3338 finem

247 3373 490 3459 praepositurae
518 3392 597 3437 anae
622 3373 707 3437 intra
729 3392 873 3436 mensem
902 3369 1017 3457 planas
1045 3370 1198 3435 exhibeat
1226 3370 1356 3458 collegii
1388 3372 1542 3455 rationes,
1572 3372 1666 3459 idque

246 3473 305 3537 sub
333 3495 438 3559 poena
460 3472 652 3558 privationis
673 3471 816 3535 omnium
836 3470 1123 3538 emolumentorum
1154 3493 1213 3557 per
1236 3486 1365 3536 annum.
1411 3470 1542 3537 Deinde
1563 3474 1666 3558 singu-

245 3571 285 3636 lis
315 3560 572 3637 hebdomadibus
595 3568 731 3635 sabatho
753 3569 806 3634 die
828 3593 900 3635 cum
930 3579 1088 3655 curatore,
1116 3573 1205 3636 euius
1229 3594 1346 3658 operas
1369 3570 1431 3636 sibi
1460 3595 1497 3636 eo
1526 3581 1669 3658 tempore

246 3662 393 3758 addictas
414 3670 525 3750 habet,
553 3667 665 3735 audiat
691 3667 817 3734 culinae
840 3692 1001 3756 expensas
1023 3691 1142 3755 easque
1169 3671 1342 3758 persolvat,
1374 3668 1433 3734 sub
1457 3693 1564 3758 poena
1588 3669 1667 3734 arhi-

205 3771 350 3836 totraria
371 3768 504 3856 collegii.
546 3767 589 3833 Et
609 3767 658 3832 de
678 3766 741 3832 illis
767 3791 968 3856 perannum
996 3780 1044 3834 ter
1070 3768 1167 3856 idque
1192 3770 1345 3857 proxima
1373 3767 1583 3835 hebdomada
1610 3771 1667 3837 sin·

246 3869 331 3956 gulis
361 3867 481 3955 elapsis
510 3866 662 3932 nundinis
692 3863 755 3954 [24]
784 3867 859 3933 edat
887 3869 1044 3951 rationes,
1073 3867 1170 3954 idque
1198 3890 1303 3954 poena
1330 3869 1524 3956 privationis
1551 3867 1667 3933 emolu-

247 3977 426 4033 mentorum
450 3964 614 4053 usquead
637 3977 806 4051 sequentes
828 3968 969 4033 rationes
991 3966 1281 4054 percipiendorum.

436 4150 483 4199 DE
505 4147 734 4199 marscalcus
754 4150 918 4199 COLLEGII
938 4153 960 4200 Δ
984 4151 1197 4200 PBAIIPOSITO
1220 4151 1461 4201 canamus.

828 4269 1002 4320 statutum
1023 4271 1085 4322 XX.

203 4394 236 4449 ³5
327 4384 483 4449 Proxima
509 4381 714 4449 hebdomada
742 4382 875 4468 singulis
898 4383 1018 4472 elapsis
1046 4383 1213 4450 nundinis¹
1242 4385 1449 4473 praepositus
1476 4383 1599 4451 scheda
1626 4382 1665 4449 ad

244 4493 371 4571 portam
402 4482 527 4570 collegii
557 4482 725 4570 proposita
748 4482 943 4568 significabit
970 4482 1146 4572 inquilinis,
1168 4485 1312 4550 omnium
1333 4482 1479 4571 capitum
1507 4482 1552 4550 ad
1578 4485 1663 4571 ipsos

244 4585 472 4671 pertinentium
493 4604 529 4647 se
548 4590 668 4646 statuta
690 4579 818 4669 publice
837 4583 1046 4648 recitaunum
1060 4605 1140 4666 esse,
1161 4582 1490 4649 animadversionem
1505 4591 1662 4649 contuma·

246 4706 298 4748 ces
320 4694 353 4748 et
373 4685 428 4771 qui
450 4679 632 4770 petulanter
654 4679 780 4763 absunt,
801 4682 942 4769 quinque
963 4704 1159 4767 grossorum
1180 4680 1309 4748 Deinde
1323 4679 1366 4746 ad
1382 4666 1538 4749 indictam
1554 4680 1662 4749 horam

245 4781 440 4870 campanula
460 4791 509 4847 ter
529 4779 659 4867 pulsata
684 4782 810 4845 coetum
837 4778 1054 4847 habitatorum
1082 4778 1210 4868 collegii
1238 4780 1431 4847 convocabit
1458 4791 1557 4871 atque
1584 4782 1661 4847 inter

202 4882 457 4966 torecitandum
479 4882 507 4945 si
529 4876 607 4967 quid
628 4900 710 4966 opus
732 4880 803 4961 erit,
821 4879 974 4964 monebit,
996 4879 1174 4968 castigabit
1186 4889 1218 4949 et
1232 4879 1467 4948 adhortabitur.
1487 4880 1659 4949 Aleotiona

322 5128 539 5188 lacaenae:
569 5126 1004 5199 imamaeopsaamsoaanu
