3756 6158
817 479 871 527 Das
892 479 980 528 klcine
999 477 1102 541 colleg.

603 686 662 776 [Bl.
690 687 759 778 121³]
783 709 984 757 urrsusuuu
1005 709 1176 757 rnmcmrs
1198 709 1324 755 runos.

335 820 444 906 Georg
465 845 551 887 vonn
576 834 648 908 gots
669 823 798 908 guadeu
819 824 960 910 herczog
978 848 1046 889 zcw
1067 824 1221 906 Sachsen,
1250 824 1429 913 landtgraff
1445 827 1485 914 jn
1504 824 1674 912 Doringen

251 919 339 985 vnntl
358 921 541 1006 marggraff
561 944 620 985 zcn
641 921 820 986 Meissenu:

332 1037 504 1101 Vnusernn
519 1060 596 1122 grus
611 1061 738 1103 zcuuor.
758 1039 953 1123 Wirdigeuu
967 1040 1230 1126 hochgelarthen,
1250 1040 1355 1105 lieben
1371 1040 1599 1126 audechtigen,
1619 1044 1675 1105 wir

209 1147 225 1200 5
251 1136 358 1201 haben
386 1159 451 1200 ewr
474 1136 643 1200 schreiben
671 1137 872 1222 belangende
897 1138 953 1202 des
977 1139 1229 1225 hochgelarthen
1255 1138 1336 1204 hern
1359 1139 1561 1226 Wolffgangi
1582 1140 1675 1205 Bliok

250 1236 392 1300 doctoris
413 1235 600 1320 collegiatur
623 1235 702 1300 alles
723 1236 842 1300 inhalts
864 1237 1040 1321 vorlessen,
1067 1239 1156 1303 vnud
1181 1239 1341 1303 uocbdem
1361 1241 1421 1304 wir
1441 1240 1533 1305 nicht
1556 1240 1674 1307 audere

248 1337 374 1415 wissen,
403 1334 467 1400 dau
494 1335 552 1398 das
580 1335 649 1401 sich
678 1335 780 1400 durch
808 1337 965 1422 gedachts
996 1338 1125 1403 doctore
1153 1337 1260 1402 ehlich
1285 1337 1442 1424 boylager
1471 1340 1676 1425 angctaeigtc

250 1434 440 1519 collegiatur
464 1434 653 1519 vorlediget,
680 1435 788 1499 lassen
813 1438 872 1500 wir
892 1460 953 1502 vus
981 1437 1152 1523 gesallenn,
1183 1436 1241 1502 das
1269 1461 1309 1523 yr
1337 1439 1432 1504 einen
1461 1437 1607 1503 anderen
1636 1461 1675 1503 au

251 1557 349 1621 seyne
370 1534 458 1598 stadt
477 1533 628 1597 erwehlet
648 1545 708 1598 etc.

208 1647 240 1700 10
374 1633 449 1697 Den
470 1634 637 1718 wirdigen,
657 1632 896 1717 hochgclarten,
910 1657 1048 1700 vuseren
1067 1636 1173 1699 liebeu
1195 1635 1410 1721 andechtigen
1432 1636 1550 1702 herren
1573 1639 1672 1721 magi-

416 1735 492 1797 stris
520 1731 588 1796 vnd
620 1731 806 1798 doctoribus
834 1755 949 1796 vnsers
980 1733 1168 1799 furstlicheu
1199 1733 1325 1821 collegii
1355 1733 1413 1800 der
1442 1737 1636 1809 uniuersitet

918 1854 979 1896 acu
996 1832 1152 1920 Leipczk.

775 2087 1106 2097 Ἥ

331 2289 471 2360 Hieratis
481 2287 562 2363 folpt
589 2285 637 2343 eia
658 2285 751 2343 leores
770 2287 856 2342 Blatt
879 2280 949 2368 (13)
972 2287 1035 2343 aad
1055 2289 1137 2344 dana
1159 2287 1276 2363 1109111111
1297 2286 1345 2345 dic
1365 2286 1465 2345 aweite
1485 2286 1669 2364 Abtdeilnnq,

248 2390 356 2446 wieder
378 2406 434 2444 11011
454 2388 522 2445 Jot.
543 2383 641 2444 Fabri
663 2383 757 2441 selber
777 2385 973 2460 qescbriebcn.

211 2562 239 2615 15
334 2547 394 2636 [Bl.
410 2546 477 2633 14²]
497 2547 626 2611 Statuta
648 2555 931 2609 conventorem
954 2557 992 2609 et
1012 2547 1226 2633 supposita
1247 2568 1401 2633 praesens
1422 2546 1593 2633 collegium
1615 2551 1667 2612 im·

248 2659 412 2714 morantes
436 2645 661 2712 concernentia
687 2654 719 2708 et
750 2667 808 2731 per
833 2647 1055 2730 praepositum
1077 2646 1221 2710 eiusdem
1244 2645 1369 2731 collegii
1392 2655 1543 2734 tempore
1564 2649 1665 2734 inccp

247 2750 344 2813 tionis
365 2749 525 2812 serotinae
547 2745 776 2831 disputationis
798 2740 981 2827 legenda
1003 2753 1035 2807 et
1055 2744 1316 2830 publicanda.

657 2878 790 2925 PRIMUM
810 2872 966 2925 RESPICIT
986 2877 1254 2926 CONVENTOREM.

334 2989 359 3044 1.
387 2978 514 3060 Placet,
542 2977 627 3064 quod
655 2986 830 3041 conventor
853 2999 913 3063 pro
939 2987 1085 3062 tempore
1108 2979 1251 3042 existens
1274 2978 1448 3042 serotinam
1476 2978 1664 3066 disputacio-

205 3092 320 3147 20nem
343 3079 533 3165 aliquotiens
554 3079 587 3139 in
610 3076 790 3161 septimana
811 3077 907 3139 intret
929 3087 960 3139 et
983 3075 1155 3160 diligenter
1176 3077 1347 3162 respiciat,
1377 3076 1527 3163 quodque
1551 3077 1663 3143 nullum

248 3180 290 3244 ad
310 3178 480 3263 collegium
504 3175 641 3260 recipiat
661 3174 712 3238 vel
734 3173 831 3238 alicui
856 3184 912 3238 aut
942 3173 1103 3260 aliquibus
1127 3175 1293 3239 comodum
1323 3174 1456 3262 aliquod
1482 3174 1584 3261 locet,
1609 3178 1664 3241 uisi

247 3280 338 3368 prius
365 3279 430 3362 ipsi
452 3298 570 3340 nomen
597 3296 689 3361 suum
718 3295 790 3337 curn
820 3273 893 3338 aliis
922 3296 1029 3338 secum
1058 3274 1218 3338 stantibus
1240 3273 1291 3339 vel
1321 3283 1407 3338 stare
1428 3275 1611 3342 volentibus
1635 3277 1663 3339 10

248 3380 377 3465 scriptis
400 3375 525 3440 dederit
552 3375 645 3459 eique
674 3374 873 3459 promiserit,
904 3372 989 3460 quod
1017 3395 1051 3436 se
1072 3373 1206 3437 honeste
1225 3396 1338 3459 regere
1360 3384 1406 3456 et,
1435 3375 1462 3438 01
1486 3397 1560 3440 eum
1579 3395 1664 3440 exce·

247 3480 323 3544 dere
345 3475 525 3561 contigerit,
548 3475 581 3536 in
602 3472 776 3536 dictamine
798 3472 901 3558 ipsius
923 3471 1050 3557 collegii
1073 3484 1160 3537 stare
1180 3472 1266 3536 velit.

204 3625 236 3680 25
329 3617 356 3676 2.
389 3609 469 3673 Item
490 3604 595 3670 nullus
617 3604 659 3669 ad
688 3605 855 3669 comodum
878 3629 971 3668 suum
993 3605 1176 3690 introducat
1203 3605 1253 3669 vel
1284 3606 1445 3671 introduci
1475 3608 1577 3672 iaciat
1602 3609 1662 3671 sive

246 3714 287 3778 de
308 3711 361 3775 die
382 3709 450 3773 sive
472 3705 513 3770 dc
534 3714 628 3768 nocte
649 3703 815 3768 mulierem
836 3703 887 3768 vel
916 3704 1066 3768 mulieres
1094 3704 1133 3768 de
1161 3705 1292 3790 publica
1319 3706 1534 3772 fornicatione
1561 3729 1663 3795 suspe-

246 3824 330 3879 ctam
360 3807 410 3872 vel
441 3813 624 3891 suspectas,
655 3800 740 3890 [14¹³]
771 3803 830 3867 sub
860 3827 964 3890 poena
993 3805 1087 3867 unius
1117 3803 1240 3869 floreni.
1282 3804 1326 3869 Et
1354 3807 1380 3868 si
1411 3806 1603 3872 secundario
1630 3806 1663 3870 dc

244 3913 304 3979 hoc
326 3908 490 3974 coufessus
511 3903 562 3967 vol
583 3904 748 3967 convictus
772 3903 883 3984 suerit,
914 3901 968 3966 det
991 3900 1139 3988 duplum,
1163 3905 1190 3966 01
1215 3905 1320 3987 tertie,
1342 3906 1375 3968 in
1395 3905 1494 3991 triplo
1517 3908 1661 3993 puniatur

246 4025 277 4078 et
299 4011 338 4074 de
360 4005 495 4089 collegio
516 4002 706 4089 expellatur.
740 4000 776 4065 Si
798 4003 968 4092 quievero
991 4025 1064 4066 cum
1084 4001 1141 4065 tali
1162 4002 1213 4066 vcl
1234 4003 1352 4068 talibus
1375 4003 1496 4068 sederit
1518 4015 1574 4070 aut
1594 4028 1659 4070 cou-

204 4110 446 4181 30versationes
470 4127 541 4168 cum
564 4101 686 4166 eisdem
706 4103 740 4165 in
763 4101 897 4186 collegio
926 4101 1091 4182 habuerit,
1119 4099 1225 4165 solvat
1252 4102 1394 4167 medium
1423 4102 1584 4170 florenum
1610 4126 1662 4192 pro

245 4231 359 4300 poena.
401 4202 467 4286 Qui
489 4214 595 4268 autem
616 4201 697 4265 tales
723 4223 879 4286 personas
904 4199 1078 4284 collegium
1105 4211 1348 4287 praetereuntes
1369 4202 1597 4271 affisttdaverit
1616 4212 1662 4269 aut

244 4311 337 4377 aliter
360 4302 588 4372 subsannando
609 4299 848 4382 inclamaverit,
878 4301 946 4363 sive
969 4301 1064 4364 etiam
1086 4300 1206 4366 beanos
1231 4301 1400 4387 collegium
1421 4303 1582 4370 intrantes
1601 4302 1660 4392 pul·

244 4408 376 4475 veribus
398 4404 450 4470 vel
478 4402 551 4485 aliis
577 4400 674 4466 rebus
696 4400 868 4486 proiecerit
894 4409 950 4463 0111
972 4399 1052 4463 alias
1075 4401 1287 4486 corporaliter
1307 4401 1540 4486 molestaverit,
1568 4401 1660 4468 solvat

244 4519 382 4600 quatuor
403 4526 534 4591 grossos
555 4524 615 4587 pro
637 4521 750 4585 poena.

204 4655 238 4711 35
330 4646 357 4706 3.
388 4641 468 4704 Item
490 4633 597 4700 nullus
622 4633 662 4697 de
691 4631 743 4695 die
771 4630 813 4695 ad
838 4629 1003 4716 publicum
1031 4635 1202 4698 trausittun
1231 4643 1306 4700 autc
1332 4633 1503 4721 collegium
1534 4636 1602 4701 sive
1625 4631 1659 4699 ad

247 4743 371 4806 curiam
393 4736 520 4821 collegii
542 4756 659 4820 aquam
678 4730 730 4796 vel
750 4731 877 4794 urinam
898 4731 1057 4814 effundat,
1081 4756 1140 4796 nec
1163 4734 1297 4798 eandem
1321 4735 1410 4800 circa
1431 4734 1597 4800 cellarium
1616 4731 1657 4799 vel

247 4840 326 4907 alibi
346 4836 531 4924 mingendo,
556 4829 798 4899 stercoriaando
820 4829 978 4913 defoedet,
1000 4854 1103 4919 neque
1126 4832 1207 4898 ollas
1228 4832 1368 4898 urinalcs
1392 4835 1426 4897 in
1447 4833 1587 4900 dedecus
1605 4831 1656 4899 eol·

246 4939 323 5026 legii
343 4937 384 5002 ab
407 4946 500 5001 extra
521 4932 696 5020 appendat,
716 4928 775 4993 sub
798 4951 904 5014 poena
924 4930 1064 5017 quinque
1085 4954 1281 5017 grossorum.

327 5046 357 5102 4.
386 5036 467 5100 Item
490 5032 596 5098 nullus
618 5030 706 5097 lobia
731 5028 884 5111 studoria,
915 5053 1005 5094 seras
1034 5043 1090 5095 aut
1119 5054 1327 5119 quaecunque
1349 5032 1414 5097 alia
1438 5034 1541 5099 clavis
1570 5033 1657 5099 affixa

202 5151 237 5208 10
248 5141 317 5206 sine
340 5131 595 5222 con[t5²²]sensu
617 5131 744 5215 collegii
768 5128 924 5216 deponat,
953 5153 1013 5195 nec
1031 5132 1180 5196 fenestris
1202 5135 1295 5198 novis
1317 5142 1373 5197 aut
1394 5133 1508 5200 ortulis
1528 5135 1655 5224 parietes
