<?xml version="1.0" encoding="UTF-8"?>
<!DOCTYPE html PUBLIC "-//W3C//DTD XHTML 1.0 Transitional//EN"
    "http://www.w3.org/TR/xhtml1/DTD/xhtml1-transitional.dtd">
<html xmlns="http://www.w3.org/1999/xhtml" xml:lang="en" lang="en">
 <head>
  <title>
</title>
<meta http-equiv="Content-Type" content="text/html;charset=utf-8" />
  <meta name='ocr-system' content='tesseract 3.04.00' />
  <meta name='ocr-capabilities' content='ocr_page ocr_carea ocr_par ocr_line ocrx_word'/>
</head>
<body>
  <div class='ocr_page' id='page_1' title='image "./diestatutenbche00univgoog_0209.png"; bbox 0 0 3756 6158; ppageno 0'>
   <div class='ocr_carea' id='block_1_1' title="bbox 252 482 1102 547">
    <p class='ocr_par' dir='ltr' id='par_1_1' title="bbox 252 482 1102 547">
     <span class='ocr_line' id='line_1_1' title="bbox 252 482 1102 547; baseline -0.011 -3"><span class='ocrx_word' id='word_1_1' title='bbox 252 483 311 546; x_wconf 86' lang='grc'><strong>190</strong></span> <span class='ocrx_word' id='word_1_2' title='bbox 813 483 868 532; x_wconf 86' lang='lat' dir='ltr'><strong>Das</strong></span> <span class='ocrx_word' id='word_1_3' title='bbox 887 497 980 545; x_wconf 75' lang='lat' dir='ltr'><strong>greum</strong></span> <span class='ocrx_word' id='word_1_4' title='bbox 997 482 1102 547; x_wconf 75' lang='lat' dir='ltr'><strong>Colleg.</strong></span> 
     </span>
    </p>
   </div>
   <div class='ocr_carea' id='block_1_2' title="bbox 249 660 1676 957">
    <p class='ocr_par' dir='ltr' id='par_1_2' title="bbox 249 660 1676 957">
     <span class='ocr_line' id='line_1_2' title="bbox 250 660 1674 751; baseline 0.002 -24"><span class='ocrx_word' id='word_1_5' title='bbox 250 685 310 749; x_wconf 90' lang='lat' dir='ltr'><strong>pro</strong></span> <span class='ocrx_word' id='word_1_6' title='bbox 331 661 409 726; x_wconf 90' lang='lat' dir='ltr'><strong>fiseo</strong></span> <span class='ocrx_word' id='word_1_7' title='bbox 431 660 567 746; x_wconf 89' lang='lat' dir='ltr'><strong>collegii,</strong></span> <span class='ocrx_word' id='word_1_8' title='bbox 596 660 656 725; x_wconf 93' lang='lat' dir='ltr'><strong>sub</strong></span> <span class='ocrx_word' id='word_1_9' title='bbox 679 684 786 748; x_wconf 90' lang='lat' dir='ltr'><strong>poena</strong></span> <span class='ocrx_word' id='word_1_10' title='bbox 809 664 978 729; x_wconf 87' lang='lat' dir='ltr'><strong>carenciae</strong></span> <span class='ocrx_word' id='word_1_11' title='bbox 1006 663 1136 745; x_wconf 80' lang='lat' dir='ltr'>bursae,</span> <span class='ocrx_word' id='word_1_12' title='bbox 1164 685 1261 751; x_wconf 89' lang='lat' dir='ltr'><strong>quam</strong></span> <span class='ocrx_word' id='word_1_13' title='bbox 1291 663 1499 750; x_wconf 83' lang='lat' dir='ltr'><strong>praepositus</strong></span> <span class='ocrx_word' id='word_1_14' title='bbox 1529 664 1590 729; x_wconf 90' lang='lat' dir='ltr'><strong>sub</strong></span> <span class='ocrx_word' id='word_1_15' title='bbox 1619 688 1674 730; x_wconf 90' lang='lat' dir='ltr'><strong>suo</strong></span> 
     </span>
     <span class='ocr_line' id='line_1_3' title="bbox 249 759 1676 851; baseline 0.004 -25"><span class='ocrx_word' id='word_1_16' title='bbox 249 764 429 826; x_wconf 90' lang='lat' dir='ltr'><strong>iuramento</strong></span> <span class='ocrx_word' id='word_1_17' title='bbox 451 759 514 824; x_wconf 88' lang='lat' dir='ltr'><strong>sibi</strong></span> <span class='ocrx_word' id='word_1_18' title='bbox 536 770 662 825; x_wconf 87' lang='lat' dir='ltr'><strong>tenetur</strong></span> <span class='ocrx_word' id='word_1_19' title='bbox 685 761 885 845; x_wconf 81' lang='lat' dir='ltr'><strong>subtrahere,</strong></span> <span class='ocrx_word' id='word_1_20' title='bbox 915 765 942 827; x_wconf 89' lang='lat' dir='ltr'><strong>si</strong></span> <span class='ocrx_word' id='word_1_21' title='bbox 973 763 1157 848; x_wconf 88' lang='lat' dir='ltr'><strong>praedictos</strong></span> <span class='ocrx_word' id='word_1_22' title='bbox 1180 785 1239 827; x_wconf 88' lang='lat' dir='ltr'><strong>sex</strong></span> <span class='ocrx_word' id='word_1_23' title='bbox 1261 761 1400 828; x_wconf 82' lang='lat' dir='ltr'><strong>florenos</strong></span> <span class='ocrx_word' id='word_1_24' title='bbox 1427 785 1492 828; x_wconf 91' lang='lat' dir='ltr'><strong>non</strong></span> <span class='ocrx_word' id='word_1_25' title='bbox 1517 763 1676 851; x_wconf 79' lang='lat' dir='ltr'><strong>persolvit</strong></span> 
     </span>
     <span class='ocr_line' id='line_1_4' title="bbox 250 859 1328 957; baseline 0.002 -30"><span class='ocrx_word' id='word_1_26' title='bbox 250 859 314 948; x_wconf 68' lang='lat'>[2¹²]</span> <span class='ocrx_word' id='word_1_27' title='bbox 336 861 421 925; x_wconf 86' lang='lat' dir='ltr'><strong>infra</strong></span> <span class='ocrx_word' id='word_1_28' title='bbox 442 868 568 957; x_wconf 87' lang='lat' dir='ltr'><strong>tempus</strong></span> <span class='ocrx_word' id='word_1_29' title='bbox 590 869 823 945; x_wconf 88' lang='lat' dir='ltr'><strong>praenotatum.</strong></span> <span class='ocrx_word' id='word_1_30' title='bbox 845 861 920 946; x_wconf 82' lang='lat' dir='ltr'><strong>(Am</strong></span> <span class='ocrx_word' id='word_1_31' title='bbox 936 866 1060 924; x_wconf 74' lang='lat' dir='ltr'><strong>Raude:</strong></span> <span class='ocrx_word' id='word_1_32' title='bbox 1081 863 1169 927; x_wconf 80' lang='lat' dir='ltr'><strong>inira</strong></span> <span class='ocrx_word' id='word_1_33' title='bbox 1187 861 1241 926; x_wconf 90' lang='lat' dir='ltr'><strong>fol.</strong></span> <span class='ocrx_word' id='word_1_34' title='bbox 1265 860 1328 946; x_wconf 86' lang='lat'>13.)</span> 
     </span>
    </p>
   </div>
   <div class='ocr_carea' id='block_1_3' title="bbox 206 1054 1589 1212">
    <p class='ocr_par' dir='ltr' id='par_1_3' title="bbox 206 1054 1589 1212">
     <span class='ocr_line' id='line_1_5' title="bbox 330 1054 1589 1114; baseline 0 -1"><span class='ocrx_word' id='word_1_35' title='bbox 330 1054 358 1114; x_wconf 87' lang='grc'><strong>4.</strong></span> <span class='ocrx_word' id='word_1_36' title='bbox 380 1063 427 1110; x_wconf 83' lang='lat' dir='ltr'><strong>ns</strong></span> <span class='ocrx_word' id='word_1_37' title='bbox 450 1060 603 1109; x_wconf 76' lang='lat' dir='ltr'><strong>resumo</strong></span> <span class='ocrx_word' id='word_1_38' title='bbox 623 1060 709 1109; x_wconf 81' lang='lat' dir='ltr'><strong>ro1</strong></span> <span class='ocrx_word' id='word_1_39' title='bbox 728 1059 940 1110; x_wconf 68' lang='lat' dir='ltr'><strong>consueram</strong></span> <span class='ocrx_word' id='word_1_40' title='bbox 959 1062 1142 1112; x_wconf 78' lang='lat' dir='ltr'><strong>uaeramus</strong></span> <span class='ocrx_word' id='word_1_41' title='bbox 1163 1063 1268 1111; x_wconf 74' lang='lat' dir='ltr'><strong>mssa</strong></span> <span class='ocrx_word' id='word_1_42' title='bbox 1289 1063 1423 1113; x_wconf 78' lang='lat' dir='ltr'><strong>saluum</strong></span> <span class='ocrx_word' id='word_1_43' title='bbox 1444 1063 1589 1113; x_wconf 76' lang='lat' dir='ltr'><strong>uuussu</strong></span> 
     </span>
     <span class='ocr_line' id='line_1_6' title="bbox 206 1156 1506 1212; baseline 0 -1"><span class='ocrx_word' id='word_1_44' title='bbox 206 1157 223 1211; x_wconf 83' lang='lat'>5</span> <span class='ocrx_word' id='word_1_45' title='bbox 831 1162 1070 1212; x_wconf 76' lang='lat' dir='ltr'><strong>sumsvsuoo.</strong></span> <span class='ocrx_word' id='word_1_46' title='bbox 1494 1156 1506 1177; x_wconf 88' lang='grc'>·</span> 
     </span>
    </p>
   </div>
   <div class='ocr_carea' id='block_1_4' title="bbox 248 1291 1675 1561">
    <p class='ocr_par' dir='ltr' id='par_1_4' title="bbox 248 1291 1675 1561">
     <span class='ocr_line' id='line_1_7' title="bbox 331 1291 1675 1383; baseline 0.002 -24"><span class='ocrx_word' id='word_1_47' title='bbox 331 1296 414 1361; x_wconf 84' lang='lat' dir='ltr'><strong>Item</strong></span> <span class='ocrx_word' id='word_1_48' title='bbox 435 1293 570 1383; x_wconf 84' lang='lat' dir='ltr'><strong>quilibet</strong></span> <span class='ocrx_word' id='word_1_49' title='bbox 591 1291 632 1358; x_wconf 92' lang='lat' dir='ltr'><strong>de</strong></span> <span class='ocrx_word' id='word_1_50' title='bbox 653 1316 738 1359; x_wconf 92' lang='lat' dir='ltr'><strong>novo</strong></span> <span class='ocrx_word' id='word_1_51' title='bbox 758 1295 884 1360; x_wconf 88' lang='lat' dir='ltr'><strong>intrans</strong></span> <span class='ocrx_word' id='word_1_52' title='bbox 906 1293 1078 1381; x_wconf 83' lang='lat' dir='ltr'><strong>collegium</strong></span> <span class='ocrx_word' id='word_1_53' title='bbox 1102 1304 1227 1360; x_wconf 90' lang='lat' dir='ltr'><strong>tenetur</strong></span> <span class='ocrx_word' id='word_1_54' title='bbox 1253 1294 1339 1361; x_wconf 86' lang='lat' dir='ltr'><strong>infra</strong></span> <span class='ocrx_word' id='word_1_55' title='bbox 1363 1296 1506 1383; x_wconf 89' lang='lat' dir='ltr'><strong>primum</strong></span> <span class='ocrx_word' id='word_1_56' title='bbox 1532 1317 1675 1362; x_wconf 87' lang='lat' dir='ltr'><strong>mensem</strong></span> 
     </span>
     <span class='ocr_line' id='line_1_8' title="bbox 250 1391 1675 1484; baseline 0.001 -23"><span class='ocrx_word' id='word_1_57' title='bbox 250 1397 299 1461; x_wconf 90' lang='lat' dir='ltr'><strong>sui</strong></span> <span class='ocrx_word' id='word_1_58' title='bbox 320 1395 469 1461; x_wconf 80' lang='lat' dir='ltr'><strong>introitus</strong></span> <span class='ocrx_word' id='word_1_59' title='bbox 490 1391 664 1481; x_wconf 88' lang='lat' dir='ltr'><strong>prandium</strong></span> <span class='ocrx_word' id='word_1_60' title='bbox 686 1416 780 1459; x_wconf 87' lang='lat' dir='ltr'><strong>suurn</strong></span> <span class='ocrx_word' id='word_1_61' title='bbox 801 1417 861 1481; x_wconf 94' lang='lat' dir='ltr'><strong>pro</strong></span> <span class='ocrx_word' id='word_1_62' title='bbox 883 1394 1019 1481; x_wconf 89' lang='lat' dir='ltr'><strong>collegio</strong></span> <span class='ocrx_word' id='word_1_63' title='bbox 1040 1394 1128 1476; x_wconf 87' lang='lat' dir='ltr'><strong>dare,</strong></span> <span class='ocrx_word' id='word_1_64' title='bbox 1154 1393 1215 1460; x_wconf 92' lang='lat' dir='ltr'><strong>sub</strong></span> <span class='ocrx_word' id='word_1_65' title='bbox 1235 1416 1341 1481; x_wconf 89' lang='lat' dir='ltr'><strong>poena</strong></span> <span class='ocrx_word' id='word_1_66' title='bbox 1361 1397 1532 1462; x_wconf 89' lang='lat' dir='ltr'><strong>carenciae</strong></span> <span class='ocrx_word' id='word_1_67' title='bbox 1551 1396 1675 1484; x_wconf 78' lang='lat' dir='ltr'><strong>porcio</strong></span> 
     </span>
     <span class='ocr_line' id='line_1_9' title="bbox 248 1493 1478 1561; baseline -0.001 -2"><span class='ocrx_word' id='word_1_68' title='bbox 248 1497 299 1560; x_wconf 91' lang='lat' dir='ltr'><strong>nis</strong></span> <span class='ocrx_word' id='word_1_69' title='bbox 319 1518 396 1561; x_wconf 90' lang='lat' dir='ltr'><strong>suae</strong></span> <span class='ocrx_word' id='word_1_70' title='bbox 417 1493 520 1559; x_wconf 89' lang='lat' dir='ltr'><strong>donec</strong></span> <span class='ocrx_word' id='word_1_71' title='bbox 540 1493 661 1559; x_wconf 86' lang='lat' dir='ltr'><strong>fecerit.</strong></span> <span class='ocrx_word' id='word_1_72' title='bbox 1475 1522 1478 1527; x_wconf 95' lang='lat'>·</span> 
     </span>
    </p>
   </div>
   <div class='ocr_carea' id='block_1_5' title="bbox 411 1677 1592 1774">
    <p class='ocr_par' dir='ltr' id='par_1_5' title="bbox 411 1677 1592 1774">
     <span class='ocr_line' id='line_1_10' title="bbox 411 1677 1592 1774; baseline 0 -29"><span class='ocrx_word' id='word_1_73' title='bbox 411 1685 439 1746; x_wconf 88' lang='lat'><strong>5.</strong></span> <span class='ocrx_word' id='word_1_74' title='bbox 461 1695 508 1742; x_wconf 87' lang='lat' dir='ltr'><strong>ns</strong></span> <span class='ocrx_word' id='word_1_75' title='bbox 530 1692 800 1742; x_wconf 77' lang='lat' dir='ltr'><strong>runnmrnmoun</strong></span> <span class='ocrx_word' id='word_1_76' title='bbox 823 1677 988 1743; x_wconf 77' lang='lat' dir='ltr'><strong>connson</strong></span> <span class='ocrx_word' id='word_1_77' title='bbox 1008 1695 1076 1742; x_wconf 80' lang='lat' dir='ltr'><strong>rsa</strong></span> <span class='ocrx_word' id='word_1_78' title='bbox 1094 1694 1217 1774; x_wconf 86' lang='lat' dir='ltr'><strong>uovuu</strong></span> <span class='ocrx_word' id='word_1_79' title='bbox 1238 1693 1497 1746; x_wconf 81' lang='lat' dir='ltr'><strong>eonnneuruu.</strong></span> <span class='ocrx_word' id='word_1_80' title='bbox 1589 1714 1592 1719; x_wconf 77' lang='lat'><strong>,</strong></span> 
     </span>
    </p>
   </div>
   <div class='ocr_carea' id='block_1_6' title="bbox 208 1825 1673 2113">
    <p class='ocr_par' dir='ltr' id='par_1_6' title="bbox 208 1825 1673 2113">
     <span class='ocr_line' id='line_1_11' title="bbox 208 1825 1671 1915; baseline 0.001 -23"><span class='ocrx_word' id='word_1_81' title='bbox 208 1838 240 1892; x_wconf 82' lang='lat'><strong>10</strong></span> <span class='ocrx_word' id='word_1_82' title='bbox 330 1827 413 1891; x_wconf 91' lang='lat' dir='ltr'><strong>Item</strong></span> <span class='ocrx_word' id='word_1_83' title='bbox 437 1825 572 1912; x_wconf 89' lang='lat' dir='ltr'><strong>quilibet</strong></span> <span class='ocrx_word' id='word_1_84' title='bbox 598 1826 674 1891; x_wconf 88' lang='lat' dir='ltr'><strong>talis</strong></span> <span class='ocrx_word' id='word_1_85' title='bbox 700 1825 862 1891; x_wconf 86' lang='lat' dir='ltr'><strong>tenebitur</strong></span> <span class='ocrx_word' id='word_1_86' title='bbox 888 1828 975 1892; x_wconf 86' lang='lat' dir='ltr'><strong>infra</strong></span> <span class='ocrx_word' id='word_1_87' title='bbox 1000 1829 1141 1915; x_wconf 85' lang='lat' dir='ltr'><strong>primum</strong></span> <span class='ocrx_word' id='word_1_88' title='bbox 1168 1850 1310 1893; x_wconf 88' lang='lat' dir='ltr'><strong>mensem</strong></span> <span class='ocrx_word' id='word_1_89' title='bbox 1339 1850 1417 1905; x_wconf 85' lang='lat' dir='ltr'><strong>suae</strong></span> <span class='ocrx_word' id='word_1_90' title='bbox 1437 1827 1609 1895; x_wconf 79' lang='lat' dir='ltr'><strong>electionis</strong></span> <span class='ocrx_word' id='word_1_91' title='bbox 1630 1831 1671 1915; x_wconf 85' lang='lat' dir='ltr'><strong>in·</strong></span> 
     </span>
     <span class='ocr_line' id='line_1_12' title="bbox 247 1925 1673 2015; baseline 0 -23"><span class='ocrx_word' id='word_1_92' title='bbox 247 1939 334 1992; x_wconf 89' lang='lat' dir='ltr'><strong>trare</strong></span> <span class='ocrx_word' id='word_1_93' title='bbox 354 1937 387 1991; x_wconf 86' lang='lat' dir='ltr'><strong>e‘t</strong></span> <span class='ocrx_word' id='word_1_94' title='bbox 404 1925 587 1991; x_wconf 86' lang='lat' dir='ltr'><strong>inhabitare</strong></span> <span class='ocrx_word' id='word_1_95' title='bbox 606 1925 789 2013; x_wconf 83' lang='lat' dir='ltr'><strong>collegium,</strong></span> <span class='ocrx_word' id='word_1_96' title='bbox 817 1925 876 1991; x_wconf 93' lang='lat' dir='ltr'><strong>sub</strong></span> <span class='ocrx_word' id='word_1_97' title='bbox 896 1949 1001 2013; x_wconf 90' lang='lat' dir='ltr'><strong>poena</strong></span> <span class='ocrx_word' id='word_1_98' title='bbox 1022 1926 1190 1992; x_wconf 87' lang='lat' dir='ltr'><strong>carenciae</strong></span> <span class='ocrx_word' id='word_1_99' title='bbox 1211 1928 1374 2015; x_wconf 87' lang='lat' dir='ltr'><strong>porcionis</strong></span> <span class='ocrx_word' id='word_1_100' title='bbox 1401 1950 1480 1993; x_wconf 88' lang='lat' dir='ltr'><strong>suae</strong></span> <span class='ocrx_word' id='word_1_101' title='bbox 1509 1949 1673 2015; x_wconf 88' lang='lat' dir='ltr'><strong>quousque</strong></span> 
     </span>
     <span class='ocr_line' id='line_1_13' title="bbox 248 2025 847 2113; baseline 0.002 -23"><span class='ocrx_word' id='word_1_102' title='bbox 248 2025 419 2113; x_wconf 87' lang='lat' dir='ltr'><strong>collegium</strong></span> <span class='ocrx_word' id='word_1_103' title='bbox 437 2025 573 2091; x_wconf 87' lang='lat' dir='ltr'><strong>intrabit</strong></span> <span class='ocrx_word' id='word_1_104' title='bbox 593 2035 625 2090; x_wconf 91' lang='lat' dir='ltr'><strong>et</strong></span> <span class='ocrx_word' id='word_1_105' title='bbox 644 2025 847 2091; x_wconf 78' lang='lat' dir='ltr'><strong>inhabitabit.</strong></span> 
     </span>
    </p>
   </div>
   <div class='ocr_carea' id='block_1_7' title="bbox 391 2198 1506 2304">
    <p class='ocr_par' dir='ltr' id='par_1_7' title="bbox 391 2198 1506 2304">
     <span class='ocr_line' id='line_1_14' title="bbox 391 2198 1506 2304; baseline 0 -28"><span class='ocrx_word' id='word_1_106' title='bbox 391 2215 421 2276; x_wconf 89' lang='lat'><strong>6.</strong></span> <span class='ocrx_word' id='word_1_107' title='bbox 440 2226 488 2273; x_wconf 86' lang='lat' dir='ltr'><strong>nn</strong></span> <span class='ocrx_word' id='word_1_108' title='bbox 500 2224 703 2275; x_wconf 75' lang='lat' dir='ltr'><strong>¹msoursus</strong></span> <span class='ocrx_word' id='word_1_109' title='bbox 722 2225 888 2304; x_wconf 75' lang='lat' dir='ltr'><strong>morsum</strong></span> <span class='ocrx_word' id='word_1_110' title='bbox 907 2225 955 2273; x_wconf 85' lang='lat' dir='ltr'><strong>nn</strong></span> <span class='ocrx_word' id='word_1_111' title='bbox 971 2198 1069 2274; x_wconf 71' lang='lat' dir='ltr'><strong>¹uovo</strong></span> <span class='ocrx_word' id='word_1_112' title='bbox 1089 2224 1291 2275; x_wconf 72' lang='lat' dir='ltr'><strong>consumma</strong></span> <span class='ocrx_word' id='word_1_113' title='bbox 1310 2226 1506 2277; x_wconf 74' lang='lat' dir='ltr'><strong>mussans.</strong></span> 
     </span>
    </p>
   </div>
   <div class='ocr_carea' id='block_1_8' title="bbox 211 2354 1670 2845">
    <p class='ocr_par' dir='ltr' id='par_1_8' title="bbox 211 2354 1670 2845">
     <span class='ocr_line' id='line_1_15' title="bbox 330 2354 1669 2447; baseline 0.003 -25"><span class='ocrx_word' id='word_1_114' title='bbox 330 2359 413 2423; x_wconf 90' lang='lat' dir='ltr'><strong>Item</strong></span> <span class='ocrx_word' id='word_1_115' title='bbox 435 2356 572 2444; x_wconf 89' lang='lat' dir='ltr'><strong>quilibet</strong></span> <span class='ocrx_word' id='word_1_116' title='bbox 592 2357 632 2421; x_wconf 93' lang='lat' dir='ltr'><strong>de</strong></span> <span class='ocrx_word' id='word_1_117' title='bbox 653 2379 738 2423; x_wconf 93' lang='lat' dir='ltr'><strong>novo</strong></span> <span class='ocrx_word' id='word_1_118' title='bbox 759 2357 930 2444; x_wconf 87' lang='lat' dir='ltr'><strong>collegium</strong></span> <span class='ocrx_word' id='word_1_119' title='bbox 951 2361 1077 2423; x_wconf 87' lang='lat' dir='ltr'><strong>intrans</strong></span> <span class='ocrx_word' id='word_1_120' title='bbox 1098 2357 1206 2444; x_wconf 89' lang='lat' dir='ltr'><strong>legere</strong></span> <span class='ocrx_word' id='word_1_121' title='bbox 1225 2368 1321 2447; x_wconf 90' lang='lat' dir='ltr'><strong>atque</strong></span> <span class='ocrx_word' id='word_1_122' title='bbox 1342 2360 1512 2447; x_wconf 85' lang='lat' dir='ltr'><strong>disputare</strong></span> <span class='ocrx_word' id='word_1_123' title='bbox 1536 2360 1572 2425; x_wconf 93' lang='lat' dir='ltr'><strong>in</strong></span> <span class='ocrx_word' id='word_1_124' title='bbox 1597 2354 1669 2426; x_wconf 85' lang='lat' dir='ltr'><strong>arti·</strong></span> 
     </span>
     <span class='ocr_line' id='line_1_16' title="bbox 211 2456 1670 2551; baseline 0.002 -28"><span class='ocrx_word' id='word_1_125' title='bbox 211 2458 311 2524; x_wconf 68' lang='lat' dir='ltr'><strong>labus</strong></span> <span class='ocrx_word' id='word_1_126' title='bbox 344 2456 504 2522; x_wconf 87' lang='lat' dir='ltr'><strong>tenebitur</strong></span> <span class='ocrx_word' id='word_1_127' title='bbox 540 2456 684 2544; x_wconf 86' lang='lat' dir='ltr'><strong>qualibet</strong></span> <span class='ocrx_word' id='word_1_128' title='bbox 715 2461 913 2541; x_wconf 81' lang='lat' dir='ltr'><strong>mutacione,</strong></span> <span class='ocrx_word' id='word_1_129' title='bbox 946 2458 1101 2546; x_wconf 82' lang='lat' dir='ltr'><strong>quamdiu</strong></span> <span class='ocrx_word' id='word_1_130' title='bbox 1136 2481 1292 2544; x_wconf 86' lang='lat' dir='ltr'><strong>praesens</strong></span> <span class='ocrx_word' id='word_1_131' title='bbox 1323 2461 1358 2524; x_wconf 90' lang='lat' dir='ltr'><strong>in</strong></span> <span class='ocrx_word' id='word_1_132' title='bbox 1395 2458 1536 2551; x_wconf 83' lang='lat' dir='ltr'><strong>collegiq</strong></span> <span class='ocrx_word' id='word_1_133' title='bbox 1567 2461 1670 2542; x_wconf 84' lang='lat' dir='ltr'><strong>fuerit,</strong></span> 
     </span>
     <span class='ocr_line' id='line_1_17' title="bbox 250 2555 1669 2646; baseline 0.001 -23"><span class='ocrx_word' id='word_1_134' title='bbox 250 2559 392 2623; x_wconf 89' lang='lat' dir='ltr'><strong>maxime</strong></span> <span class='ocrx_word' id='word_1_135' title='bbox 415 2557 442 2620; x_wconf 94' lang='lat' dir='ltr'><strong>si</strong></span> <span class='ocrx_word' id='word_1_136' title='bbox 464 2557 506 2620; x_wconf 90' lang='lat' dir='ltr'><strong>sit</strong></span> <span class='ocrx_word' id='word_1_137' title='bbox 527 2555 671 2621; x_wconf 86' lang='lat' dir='ltr'><strong>defectus</strong></span> <span class='ocrx_word' id='word_1_138' title='bbox 689 2559 921 2642; x_wconf 88' lang='lat' dir='ltr'><strong>magistrorum</strong></span> <span class='ocrx_word' id='word_1_139' title='bbox 946 2557 1125 2643; x_wconf 89' lang='lat' dir='ltr'><strong>legencium</strong></span> <span class='ocrx_word' id='word_1_140' title='bbox 1154 2568 1251 2644; x_wconf 90' lang='lat' dir='ltr'><strong>atque</strong></span> <span class='ocrx_word' id='word_1_141' title='bbox 1278 2558 1530 2646; x_wconf 82' lang='lat' dir='ltr'><strong>disputaucium,</strong></span> <span class='ocrx_word' id='word_1_142' title='bbox 1556 2561 1620 2624; x_wconf 90' lang='lat' dir='ltr'><strong>uisi</strong></span> <span class='ocrx_word' id='word_1_143' title='bbox 1638 2561 1669 2624; x_wconf 92' lang='lat' dir='ltr'><strong>in</strong></span> 
     </span>
     <span class='ocr_line' id='line_1_18' title="bbox 250 2655 1668 2746; baseline 0.003 -25"><span class='ocrx_word' id='word_1_144' title='bbox 250 2657 315 2722; x_wconf 90' lang='lat' dir='ltr'><strong>alia</strong></span> <span class='ocrx_word' id='word_1_145' title='bbox 333 2655 485 2720; x_wconf 82' lang='lat' dir='ltr'><strong>facultate</strong></span> <span class='ocrx_word' id='word_1_146' title='bbox 507 2665 675 2742; x_wconf 87' lang='lat' dir='ltr'><strong>promotus</strong></span> <span class='ocrx_word' id='word_1_147' title='bbox 696 2666 781 2720; x_wconf 89' lang='lat' dir='ltr'><strong>esset</strong></span> <span class='ocrx_word' id='word_1_148' title='bbox 803 2667 861 2723; x_wconf 89' lang='lat' dir='ltr'><strong>aut</strong></span> <span class='ocrx_word' id='word_1_149' title='bbox 878 2667 1132 2743; x_wconf 74' lang='lat' dir='ltr'><strong>promoveretur,</strong></span> <span class='ocrx_word' id='word_1_150' title='bbox 1148 2677 1208 2722; x_wconf 64' lang='lat' dir='ltr'><strong>&#39;seu</strong></span> <span class='ocrx_word' id='word_1_151' title='bbox 1227 2661 1317 2724; x_wconf 90' lang='lat' dir='ltr'><strong>senio</strong></span> <span class='ocrx_word' id='word_1_152' title='bbox 1338 2657 1390 2724; x_wconf 89' lang='lat' dir='ltr'><strong>vel</strong></span> <span class='ocrx_word' id='word_1_153' title='bbox 1410 2657 1580 2725; x_wconf 86' lang='lat' dir='ltr'><strong>debilitate</strong></span> <span class='ocrx_word' id='word_1_154' title='bbox 1599 2681 1668 2746; x_wconf 75' lang='lat' dir='ltr'><strong>gra</strong></span> 
     </span>
     <span class='ocr_line' id='line_1_19' title="bbox 249 2753 1476 2845; baseline 0.002 -24"><span class='ocrx_word' id='word_1_155' title='bbox 249 2765 391 2838; x_wconf 91' lang='lat' dir='ltr'><strong>varetur,</strong></span> <span class='ocrx_word' id='word_1_156' title='bbox 412 2753 471 2821; x_wconf 90' lang='lat' dir='ltr'><strong>sub</strong></span> <span class='ocrx_word' id='word_1_157' title='bbox 492 2776 597 2841; x_wconf 89' lang='lat' dir='ltr'><strong>poena</strong></span> <span class='ocrx_word' id='word_1_158' title='bbox 616 2755 784 2821; x_wconf 80' lang='lat' dir='ltr'><strong>carenciae</strong></span> <span class='ocrx_word' id='word_1_159' title='bbox 805 2758 968 2842; x_wconf 90' lang='lat' dir='ltr'><strong>porcionis</strong></span> <span class='ocrx_word' id='word_1_160' title='bbox 989 2779 1067 2821; x_wconf 91' lang='lat' dir='ltr'><strong>suae</strong></span> <span class='ocrx_word' id='word_1_161' title='bbox 1087 2779 1251 2845; x_wconf 88' lang='lat' dir='ltr'><strong>quousque</strong></span> <span class='ocrx_word' id='word_1_162' title='bbox 1272 2758 1334 2824; x_wconf 91' lang='lat' dir='ltr'><strong>boc</strong></span> <span class='ocrx_word' id='word_1_163' title='bbox 1353 2757 1476 2825; x_wconf 80' lang='lat' dir='ltr'><strong>fecerit</strong></span> 
     </span>
    </p>
   </div>
   <div class='ocr_carea' id='block_1_9' title="bbox 204 2972 1625 3140">
    <p class='ocr_par' dir='ltr' id='par_1_9' title="bbox 204 2972 1625 3140">
     <span class='ocr_line' id='line_1_20' title="bbox 289 2972 1625 3063; baseline 0.001 -23"><span class='ocrx_word' id='word_1_164' title='bbox 289 2975 331 3040; x_wconf 85' lang='grc' dir='ltr'><strong>Π.</strong></span> <span class='ocrx_word' id='word_1_165' title='bbox 359 2972 520 3040; x_wconf 83' lang='lat' dir='ltr'><strong>Statuta</strong></span> <span class='ocrx_word' id='word_1_166' title='bbox 542 2974 757 3060; x_wconf 89' lang='lat' dir='ltr'><strong>sequencia</strong></span> <span class='ocrx_word' id='word_1_167' title='bbox 778 2972 1022 3059; x_wconf 83' lang='lat' dir='ltr'><strong>specialiter</strong></span> <span class='ocrx_word' id='word_1_168' title='bbox 1043 2977 1326 3062; x_wconf 90' lang='lat' dir='ltr'><strong>praepositum</strong></span> <span class='ocrx_word' id='word_1_169' title='bbox 1347 2974 1512 3063; x_wconf 84' lang='lat' dir='ltr'><strong>collegii</strong></span> <span class='ocrx_word' id='word_1_170' title='bbox 1533 2997 1625 3042; x_wconf 90' lang='lat' dir='ltr'><strong>con·</strong></span> 
     </span>
     <span class='ocr_line' id='line_1_21' title="bbox 204 3083 1044 3140; baseline -0.004 0"><span class='ocrx_word' id='word_1_171' title='bbox 204 3083 238 3140; x_wconf 88' lang='lat'><strong>20</strong></span> <span class='ocrx_word' id='word_1_172' title='bbox 866 3083 1044 3138; x_wconf 89' lang='lat' dir='ltr'><strong>cernunt.</strong></span> 
     </span>
    </p>
   </div>
   <div class='ocr_carea' id='block_1_10' title="bbox 394 3244 1503 3309">
    <p class='ocr_par' dir='ltr' id='par_1_10' title="bbox 394 3244 1503 3309">
     <span class='ocr_line' id='line_1_22' title="bbox 394 3244 1503 3309; baseline 0.005 -5"><span class='ocrx_word' id='word_1_173' title='bbox 394 3244 420 3304; x_wconf 86' lang='grc'><strong>7.</strong></span> <span class='ocrx_word' id='word_1_174' title='bbox 442 3257 488 3304; x_wconf 84' lang='lat' dir='ltr'><strong>ur</strong></span> <span class='ocrx_word' id='word_1_175' title='bbox 507 3256 642 3304; x_wconf 77' lang='lat' dir='ltr'><strong>sumus</strong></span> <span class='ocrx_word' id='word_1_176' title='bbox 662 3257 710 3304; x_wconf 86' lang='lat' dir='ltr'><strong>ns</strong></span> <span class='ocrx_word' id='word_1_177' title='bbox 730 3254 895 3304; x_wconf 80' lang='lat' dir='ltr'><strong>ruurorm</strong></span> <span class='ocrx_word' id='word_1_178' title='bbox 916 3256 1188 3306; x_wconf 78' lang='lat' dir='ltr'><strong>accurrsmours</strong></span> <span class='ocrx_word' id='word_1_179' title='bbox 1208 3256 1503 3309; x_wconf 75' lang='lat' dir='ltr'><strong>rusurosmuaas.</strong></span> 
     </span>
    </p>
   </div>
   <div class='ocr_carea' id='block_1_11' title="bbox 206 3388 1668 3879">
    <p class='ocr_par' dir='ltr' id='par_1_11' title="bbox 247 3388 1668 3679">
     <span class='ocr_line' id='line_1_23' title="bbox 331 3388 1668 3480; baseline 0.001 -25"><span class='ocrx_word' id='word_1_180' title='bbox 331 3388 512 3475; x_wconf 81' lang='lat' dir='ltr'><strong>Collegium</strong></span> <span class='ocrx_word' id='word_1_181' title='bbox 533 3398 659 3455; x_wconf 86' lang='lat' dir='ltr'><strong>tenetur</strong></span> <span class='ocrx_word' id='word_1_182' title='bbox 680 3388 801 3453; x_wconf 89' lang='lat' dir='ltr'><strong>babere</strong></span> <span class='ocrx_word' id='word_1_183' title='bbox 821 3389 1044 3475; x_wconf 89' lang='lat' dir='ltr'><strong>praepositum</strong></span> <span class='ocrx_word' id='word_1_184' title='bbox 1073 3399 1105 3453; x_wconf 92' lang='lat' dir='ltr'><strong>et</strong></span> <span class='ocrx_word' id='word_1_185' title='bbox 1132 3410 1260 3476; x_wconf 89' lang='lat' dir='ltr'><strong>semper</strong></span> <span class='ocrx_word' id='word_1_186' title='bbox 1289 3392 1496 3478; x_wconf 91' lang='lat' dir='ltr'><strong>praepositus</strong></span> <span class='ocrx_word' id='word_1_187' title='bbox 1525 3392 1668 3480; x_wconf 88' lang='lat' dir='ltr'><strong>proxime</strong></span> 
     </span>
     <span class='ocr_line' id='line_1_24' title="bbox 247 3488 1668 3577; baseline 0.003 -24"><span class='ocrx_word' id='word_1_188' title='bbox 247 3490 373 3554; x_wconf 82' lang='lat' dir='ltr'><strong>futurus</strong></span> <span class='ocrx_word' id='word_1_189' title='bbox 408 3499 535 3554; x_wconf 89' lang='lat' dir='ltr'><strong>tenetur</strong></span> <span class='ocrx_word' id='word_1_190' title='bbox 565 3490 824 3575; x_wconf 84' lang='lat' dir='ltr'><strong>praeposituram</strong></span> <span class='ocrx_word' id='word_1_191' title='bbox 858 3499 1029 3574; x_wconf 89' lang='lat' dir='ltr'><strong>acceptare</strong></span> <span class='ocrx_word' id='word_1_192' title='bbox 1061 3510 1121 3574; x_wconf 89' lang='lat' dir='ltr'><strong>per</strong></span> <span class='ocrx_word' id='word_1_193' title='bbox 1152 3510 1187 3552; x_wconf 89' lang='lat' dir='ltr'><strong>se</strong></span> <span class='ocrx_word' id='word_1_194' title='bbox 1218 3488 1270 3553; x_wconf 89' lang='lat' dir='ltr'><strong>vel</strong></span> <span class='ocrx_word' id='word_1_195' title='bbox 1301 3512 1393 3554; x_wconf 90' lang='lat' dir='ltr'><strong>suum</strong></span> <span class='ocrx_word' id='word_1_196' title='bbox 1425 3502 1668 3577; x_wconf 87' lang='lat' dir='ltr'><strong>procuratorem</strong></span> 
     </span>
     <span class='ocr_line' id='line_1_25' title="bbox 248 3586 1668 3679; baseline 0.001 -26"><span class='ocrx_word' id='word_1_197' title='bbox 248 3592 335 3654; x_wconf 87' lang='lat' dir='ltr'><strong>circa</strong></span> <span class='ocrx_word' id='word_1_198' title='bbox 355 3590 471 3654; x_wconf 87' lang='lat' dir='ltr'><strong>festum</strong></span> <span class='ocrx_word' id='word_1_199' title='bbox 494 3589 598 3653; x_wconf 89' lang='lat' dir='ltr'><strong>sancti</strong></span> <span class='ocrx_word' id='word_1_200' title='bbox 621 3587 765 3672; x_wconf 82' lang='lat' dir='ltr'><strong>Georgii,</strong></span> <span class='ocrx_word' id='word_1_201' title='bbox 793 3586 852 3652; x_wconf 90' lang='lat' dir='ltr'><strong>sub</strong></span> <span class='ocrx_word' id='word_1_202' title='bbox 874 3608 980 3674; x_wconf 91' lang='lat' dir='ltr'><strong>poena</strong></span> <span class='ocrx_word' id='word_1_203' title='bbox 997 3588 1093 3677; x_wconf 85' lang='lat' dir='ltr'><strong>unius</strong></span> <span class='ocrx_word' id='word_1_204' title='bbox 1114 3609 1305 3672; x_wconf 82' lang='lat' dir='ltr'><strong>sexagenas.</strong></span> <span class='ocrx_word' id='word_1_205' title='bbox 1345 3589 1388 3653; x_wconf 83' lang='lat' dir='ltr'><strong>Et</strong></span> <span class='ocrx_word' id='word_1_206' title='bbox 1407 3589 1482 3655; x_wconf 86' lang='lat' dir='ltr'><strong>talis</strong></span> <span class='ocrx_word' id='word_1_207' title='bbox 1504 3593 1668 3679; x_wconf 86' lang='lat' dir='ltr'><strong>praeposi·</strong></span> 
     </span>
    </p>

    <p class='ocr_par' dir='ltr' id='par_1_12' title="bbox 206 3686 1668 3879">
     <span class='ocr_line' id='line_1_26' title="bbox 206 3686 1668 3778; baseline 0.002 -25"><span class='ocrx_word' id='word_1_208' title='bbox 206 3698 300 3754; x_wconf 72' lang='lat' dir='ltr'><strong>tetus</strong></span> <span class='ocrx_word' id='word_1_209' title='bbox 321 3691 447 3755; x_wconf 89' lang='lat' dir='ltr'><strong>l&#39;uturus</strong></span> <span class='ocrx_word' id='word_1_210' title='bbox 468 3689 503 3753; x_wconf 91' lang='lat' dir='ltr'><strong>in</strong></span> <span class='ocrx_word' id='word_1_211' title='bbox 523 3687 627 3776; x_wconf 89' lang='lat' dir='ltr'><strong>primo</strong></span> <span class='ocrx_word' id='word_1_212' title='bbox 647 3686 700 3751; x_wconf 90' lang='lat' dir='ltr'><strong>die</strong></span> <span class='ocrx_word' id='word_1_213' title='bbox 721 3709 798 3752; x_wconf 86' lang='lat' dir='ltr'><strong>suae</strong></span> <span class='ocrx_word' id='word_1_214' title='bbox 820 3687 1065 3774; x_wconf 86' lang='lat' dir='ltr'><strong>praepositurae</strong></span> <span class='ocrx_word' id='word_1_215' title='bbox 1087 3697 1213 3752; x_wconf 87' lang='lat' dir='ltr'><strong>tenetur</strong></span> <span class='ocrx_word' id='word_1_216' title='bbox 1226 3688 1334 3753; x_wconf 90' lang='lat' dir='ltr'><strong>iurare</strong></span> <span class='ocrx_word' id='word_1_217' title='bbox 1347 3689 1565 3759; x_wconf 83' lang='lat' dir='ltr'><strong>iuramentum</strong></span> <span class='ocrx_word' id='word_1_218' title='bbox 1579 3714 1668 3778; x_wconf 77' lang='lat' dir='ltr'><strong>prae</strong></span> 
     </span>
     <span class='ocr_line' id='line_1_27' title="bbox 248 3784 1480 3879; baseline -0.002 -24"><span class='ocrx_word' id='word_1_219' title='bbox 248 3791 345 3877; x_wconf 90' lang='lat' dir='ltr'><strong>positi</strong></span> <span class='ocrx_word' id='word_1_220' title='bbox 366 3810 476 3854; x_wconf 88' lang='lat' dir='ltr'><strong>coram</strong></span> <span class='ocrx_word' id='word_1_221' title='bbox 496 3785 642 3875; x_wconf 88' lang='lat' dir='ltr'><strong>collegio,</strong></span> <span class='ocrx_word' id='word_1_222' title='bbox 665 3785 724 3852; x_wconf 88' lang='lat' dir='ltr'><strong>sub</strong></span> <span class='ocrx_word' id='word_1_223' title='bbox 745 3784 859 3851; x_wconf 86' lang='lat' dir='ltr'><strong>eadem</strong></span> <span class='ocrx_word' id='word_1_224' title='bbox 879 3808 994 3872; x_wconf 89' lang='lat' dir='ltr'><strong>poena,</strong></span> <span class='ocrx_word' id='word_1_225' title='bbox 1015 3787 1139 3852; x_wconf 89' lang='lat' dir='ltr'><strong>scilieet</strong></span> <span class='ocrx_word' id='word_1_226' title='bbox 1160 3790 1254 3853; x_wconf 91' lang='lat' dir='ltr'><strong>unius</strong></span> <span class='ocrx_word' id='word_1_227' title='bbox 1276 3809 1480 3879; x_wconf 70' lang='lat' dir='ltr'><strong>sexagenas.¹</strong></span> 
     </span>
    </p>
   </div>
   <div class='ocr_carea' id='block_1_12' title="bbox 245 3967 1667 4136">
    <p class='ocr_par' dir='ltr' id='par_1_13' title="bbox 245 3967 1667 4136">
     <span class='ocr_line' id='line_1_28' title="bbox 245 3967 1667 4057; baseline 0 -17"><span class='ocrx_word' id='word_1_228' title='bbox 245 3978 275 4040; x_wconf 90' lang='lat'><strong>8.</strong></span> <span class='ocrx_word' id='word_1_229' title='bbox 298 3989 470 4050; x_wconf 81' lang='lat' dir='ltr'><strong>ssoumus</strong></span> <span class='ocrx_word' id='word_1_230' title='bbox 492 3967 556 4057; x_wconf 69' lang='lat'>[3³]</span> <span class='ocrx_word' id='word_1_231' title='bbox 579 3987 808 4036; x_wconf 74' lang='lat' dir='ltr'><strong>runnuasruu</strong></span> <span class='ocrx_word' id='word_1_232' title='bbox 829 3982 1043 4050; x_wconf 80' lang='lat' dir='ltr'><strong>rsanrosrm,</strong></span> <span class='ocrx_word' id='word_1_233' title='bbox 1066 3986 1173 4033; x_wconf 82' lang='lat' dir='ltr'><strong>ramo</strong></span> <span class='ocrx_word' id='word_1_234' title='bbox 1195 3987 1255 4034; x_wconf 88' lang='lat' dir='ltr'><strong>nrs</strong></span> <span class='ocrx_word' id='word_1_235' title='bbox 1277 3986 1363 4037; x_wconf 76' lang='lat' dir='ltr'><strong>suas</strong></span> <span class='ocrx_word' id='word_1_236' title='bbox 1384 3989 1667 4040; x_wconf 79' lang='lat' dir='ltr'><strong>rnassosruusss</strong></span> 
     </span>
     <span class='ocr_line' id='line_1_29' title="bbox 655 4082 1251 4136; baseline -0.003 -1"><span class='ocrx_word' id='word_1_237' title='bbox 655 4087 771 4136; x_wconf 80' lang='lat' dir='ltr'><strong>consu</strong></span> <span class='ocrx_word' id='word_1_238' title='bbox 793 4082 968 4135; x_wconf 83' lang='lat' dir='ltr'><strong>connnoro</strong></span> <span class='ocrx_word' id='word_1_239' title='bbox 988 4084 1251 4136; x_wconf 77' lang='lat' dir='ltr'><strong>rssnsrsunuu.</strong></span> 
     </span>
    </p>
   </div>
   <div class='ocr_carea' id='block_1_13' title="bbox 134 4216 1669 5104">
    <p class='ocr_par' dir='ltr' id='par_1_14' title="bbox 327 4216 1669 4308">
     <span class='ocr_line' id='line_1_30' title="bbox 327 4216 1669 4308; baseline 0.002 -22"><span class='ocrx_word' id='word_1_240' title='bbox 327 4221 400 4308; x_wconf 84' lang='lat' dir='ltr'><strong>Ego</strong></span> <span class='ocrx_word' id='word_1_241' title='bbox 422 4221 469 4286; x_wconf 73' lang='lat' dir='ltr'><strong>tt.</strong></span> <span class='ocrx_word' id='word_1_242' title='bbox 489 4223 559 4286; x_wconf 91' lang='lat' dir='ltr'><strong>iuro</strong></span> <span class='ocrx_word' id='word_1_243' title='bbox 579 4220 735 4306; x_wconf 88' lang='lat' dir='ltr'><strong>pecunias</strong></span> <span class='ocrx_word' id='word_1_244' title='bbox 749 4217 887 4303; x_wconf 87' lang='lat' dir='ltr'><strong>collegii,</strong></span> <span class='ocrx_word' id='word_1_245' title='bbox 909 4218 937 4281; x_wconf 93' lang='lat' dir='ltr'><strong>si</strong></span> <span class='ocrx_word' id='word_1_246' title='bbox 959 4238 1043 4304; x_wconf 91' lang='lat' dir='ltr'><strong>quae</strong></span> <span class='ocrx_word' id='word_1_247' title='bbox 1063 4216 1107 4282; x_wconf 89' lang='lat' dir='ltr'><strong>ad</strong></span> <span class='ocrx_word' id='word_1_248' title='bbox 1125 4240 1240 4285; x_wconf 88' lang='lat' dir='ltr'><strong>manus</strong></span> <span class='ocrx_word' id='word_1_249' title='bbox 1260 4240 1350 4285; x_wconf 86' lang='lat' dir='ltr'><strong>meas</strong></span> <span class='ocrx_word' id='word_1_250' title='bbox 1368 4219 1570 4307; x_wconf 85' lang='lat' dir='ltr'><strong>devenerint,</strong></span> <span class='ocrx_word' id='word_1_251' title='bbox 1590 4220 1669 4290; x_wconf 88' lang='lat' dir='ltr'><strong>velle</strong></span> 
     </span>
    </p>

    <p class='ocr_par' dir='ltr' id='par_1_15' title="bbox 134 4316 1667 4808">
     <span class='ocr_line' id='line_1_31' title="bbox 134 4316 1667 4408; baseline 0.003 -21"><span class='ocrx_word' id='word_1_252' title='bbox 134 4316 137 4321; x_wconf 58' lang='grc'>’</span> <span class='ocrx_word' id='word_1_253' title='bbox 204 4320 383 4388; x_wconf 83' lang='lat' dir='ltr'><strong>30fideliter</strong></span> <span class='ocrx_word' id='word_1_254' title='bbox 404 4320 603 4408; x_wconf 87' lang='lat' dir='ltr'><strong>dispensare,</strong></span> <span class='ocrx_word' id='word_1_255' title='bbox 630 4317 859 4405; x_wconf 83' lang='lat' dir='ltr'><strong>aequalitatem</strong></span> <span class='ocrx_word' id='word_1_256' title='bbox 882 4339 945 4404; x_wconf 91' lang='lat' dir='ltr'><strong>quo</strong></span> <span class='ocrx_word' id='word_1_257' title='bbox 972 4316 1015 4380; x_wconf 87' lang='lat' dir='ltr'><strong>ad</strong></span> <span class='ocrx_word' id='word_1_258' title='bbox 1036 4319 1211 4403; x_wconf 86' lang='lat' dir='ltr'><strong>magistros</strong></span> <span class='ocrx_word' id='word_1_259' title='bbox 1237 4317 1414 4385; x_wconf 87' lang='lat' dir='ltr'><strong>observare</strong></span> <span class='ocrx_word' id='word_1_260' title='bbox 1437 4321 1488 4397; x_wconf 89' lang='lat' dir='ltr'><strong>(in</strong></span> <span class='ocrx_word' id='word_1_261' title='bbox 1507 4321 1566 4390; x_wconf 91' lang='lat' dir='ltr'><strong>illo</strong></span> <span class='ocrx_word' id='word_1_262' title='bbox 1587 4321 1667 4390; x_wconf 85' lang='lat' dir='ltr'><strong>seili-</strong></span> 
     </span>
     <span class='ocr_line' id='line_1_32' title="bbox 247 4416 1666 4511; baseline 0.002 -25"><span class='ocrx_word' id='word_1_263' title='bbox 247 4432 313 4505; x_wconf 87' lang='lat' dir='ltr'><strong>cet,</strong></span> <span class='ocrx_word' id='word_1_264' title='bbox 341 4419 428 4506; x_wconf 89' lang='lat' dir='ltr'><strong>quod</strong></span> <span class='ocrx_word' id='word_1_265' title='bbox 457 4418 575 4484; x_wconf 91' lang='lat' dir='ltr'><strong>nullius</strong></span> <span class='ocrx_word' id='word_1_266' title='bbox 597 4418 746 4504; x_wconf 89' lang='lat' dir='ltr'><strong>magistri</strong></span> <span class='ocrx_word' id='word_1_267' title='bbox 773 4416 815 4482; x_wconf 91' lang='lat' dir='ltr'><strong>de</strong></span> <span class='ocrx_word' id='word_1_268' title='bbox 837 4416 973 4503; x_wconf 90' lang='lat' dir='ltr'><strong>collegio</strong></span> <span class='ocrx_word' id='word_1_269' title='bbox 994 4438 1167 4503; x_wconf 86' lang='lat' dir='ltr'><strong>personam</strong></span> <span class='ocrx_word' id='word_1_270' title='bbox 1192 4438 1271 4505; x_wconf 90' lang='lat' dir='ltr'><strong>prae</strong></span> <span class='ocrx_word' id='word_1_271' title='bbox 1299 4418 1364 4487; x_wconf 90' lang='lat' dir='ltr'><strong>alio</strong></span> <span class='ocrx_word' id='word_1_272' title='bbox 1385 4419 1460 4487; x_wconf 88' lang='lat' dir='ltr'><strong>volo</strong></span> <span class='ocrx_word' id='word_1_273' title='bbox 1487 4434 1666 4511; x_wconf 77' lang='lat' dir='ltr'><strong>acceptare,</strong></span> 
     </span>
     <span class='ocr_line' id='line_1_33' title="bbox 245 4515 1665 4605; baseline 0.001 -17"><span class='ocrx_word' id='word_1_274' title='bbox 245 4523 302 4588; x_wconf 85' lang='lat' dir='ltr'><strong>sed</strong></span> <span class='ocrx_word' id='word_1_275' title='bbox 326 4531 491 4605; x_wconf 85' lang='lat' dir='ltr'><strong>tamquam</strong></span> <span class='ocrx_word' id='word_1_276' title='bbox 512 4540 651 4605; x_wconf 89' lang='lat' dir='ltr'><strong>persona</strong></span> <span class='ocrx_word' id='word_1_277' title='bbox 672 4515 849 4585; x_wconf 87' lang='lat' dir='ltr'><strong>communis</strong></span> <span class='ocrx_word' id='word_1_278' title='bbox 874 4517 908 4581; x_wconf 91' lang='lat' dir='ltr'><strong>in</strong></span> <span class='ocrx_word' id='word_1_279' title='bbox 934 4515 1028 4581; x_wconf 87' lang='lat' dir='ltr'><strong>factis</strong></span> <span class='ocrx_word' id='word_1_280' title='bbox 1056 4515 1184 4602; x_wconf 89' lang='lat' dir='ltr'><strong>collegii</strong></span> <span class='ocrx_word' id='word_1_281' title='bbox 1203 4516 1278 4585; x_wconf 90' lang='lat' dir='ltr'><strong>volo</strong></span> <span class='ocrx_word' id='word_1_282' title='bbox 1300 4518 1546 4600; x_wconf 85' lang='lat' dir='ltr'><strong>administrare)</strong></span> <span class='ocrx_word' id='word_1_283' title='bbox 1569 4531 1603 4588; x_wconf 86' lang='lat' dir='ltr'><strong>et</strong></span> <span class='ocrx_word' id='word_1_284' title='bbox 1625 4520 1665 4588; x_wconf 79' lang='lat' dir='ltr'><strong>ad</strong></span> 
     </span>
     <span class='ocr_line' id='line_1_34' title="bbox 245 4615 1664 4708; baseline 0.001 -22"><span class='ocrx_word' id='word_1_285' title='bbox 245 4624 464 4703; x_wconf 88' lang='lat' dir='ltr'><strong>cuiuscunque</strong></span> <span class='ocrx_word' id='word_1_286' title='bbox 495 4619 644 4704; x_wconf 86' lang='lat' dir='ltr'><strong>magistri</strong></span> <span class='ocrx_word' id='word_1_287' title='bbox 675 4616 716 4681; x_wconf 93' lang='lat' dir='ltr'><strong>de</strong></span> <span class='ocrx_word' id='word_1_288' title='bbox 748 4615 884 4701; x_wconf 89' lang='lat' dir='ltr'><strong>collegio</strong></span> <span class='ocrx_word' id='word_1_289' title='bbox 916 4617 1180 4700; x_wconf 89' lang='lat' dir='ltr'><strong>requisicionern,</strong></span> <span class='ocrx_word' id='word_1_290' title='bbox 1213 4621 1471 4705; x_wconf 80' lang='lat' dir='ltr'><strong>quociescumque</strong></span> <span class='ocrx_word' id='word_1_291' title='bbox 1505 4643 1567 4708; x_wconf 86' lang='lat' dir='ltr'><strong>per</strong></span> <span class='ocrx_word' id='word_1_292' title='bbox 1596 4643 1664 4707; x_wconf 81' lang='lat' dir='ltr'><strong>eum</strong></span> 
     </span>
     <span class='ocr_line' id='line_1_35' title="bbox 244 4714 1664 4808; baseline 0.002 -23"><span class='ocrx_word' id='word_1_293' title='bbox 244 4722 421 4808; x_wconf 88' lang='lat' dir='ltr'><strong>requisitus</strong></span> <span class='ocrx_word' id='word_1_294' title='bbox 451 4718 551 4799; x_wconf 83' lang='lat' dir='ltr'><strong>fuero,</strong></span> <span class='ocrx_word' id='word_1_295' title='bbox 579 4716 662 4781; x_wconf 91' lang='lat' dir='ltr'><strong>velle</strong></span> <span class='ocrx_word' id='word_1_296' title='bbox 692 4714 862 4801; x_wconf 89' lang='lat' dir='ltr'><strong>collegium</strong></span> <span class='ocrx_word' id='word_1_297' title='bbox 891 4716 977 4779; x_wconf 91' lang='lat' dir='ltr'><strong>infra</strong></span> <span class='ocrx_word' id='word_1_298' title='bbox 1007 4714 1092 4779; x_wconf 89' lang='lat' dir='ltr'><strong>diem</strong></span> <span class='ocrx_word' id='word_1_299' title='bbox 1118 4717 1300 4783; x_wconf 74' lang='lat' dir='ltr'><strong>natrualem</strong></span> <span class='ocrx_word' id='word_1_300' title='bbox 1328 4738 1522 4804; x_wconf 80' lang='lat' dir='ltr'><strong>convocare,</strong></span> <span class='ocrx_word' id='word_1_301' title='bbox 1550 4720 1664 4788; x_wconf 74' lang='lat' dir='ltr'><strong>honen</strong></span> 
     </span>
    </p>

    <p class='ocr_par' dir='ltr' id='par_1_16' title="bbox 204 4814 1662 5104">
     <span class='ocr_line' id='line_1_36' title="bbox 204 4814 1662 4907; baseline 0 -23"><span class='ocrx_word' id='word_1_302' title='bbox 204 4820 374 4905; x_wconf 82' lang='lat' dir='ltr'><strong>35collegii</strong></span> <span class='ocrx_word' id='word_1_303' title='bbox 409 4838 600 4905; x_wconf 89' lang='lat' dir='ltr'><strong>procurare,</strong></span> <span class='ocrx_word' id='word_1_304' title='bbox 635 4826 755 4880; x_wconf 87' lang='lat' dir='ltr'><strong>statuta</strong></span> <span class='ocrx_word' id='word_1_305' title='bbox 789 4827 820 4878; x_wconf 90' lang='lat' dir='ltr'><strong>et</strong></span> <span class='ocrx_word' id='word_1_306' title='bbox 850 4814 1037 4898; x_wconf 88' lang='lat' dir='ltr'><strong>statuenda,</strong></span> <span class='ocrx_word' id='word_1_307' title='bbox 1070 4817 1284 4902; x_wconf 90' lang='lat' dir='ltr'><strong>respiciencia</strong></span> <span class='ocrx_word' id='word_1_308' title='bbox 1319 4827 1440 4882; x_wconf 87' lang='lat' dir='ltr'><strong>statum</strong></span> <span class='ocrx_word' id='word_1_309' title='bbox 1478 4821 1662 4907; x_wconf 89' lang='lat' dir='ltr'><strong>praepositi,</strong></span> 
     </span>
     <span class='ocr_line' id='line_1_37' title="bbox 244 4911 1660 5007; baseline 0.002 -25"><span class='ocrx_word' id='word_1_310' title='bbox 244 4919 378 4982; x_wconf 84' lang='lat' dir='ltr'><strong>firmiter</strong></span> <span class='ocrx_word' id='word_1_311' title='bbox 405 4916 590 4998; x_wconf 85' lang='lat' dir='ltr'><strong>observare,</strong></span> <span class='ocrx_word' id='word_1_312' title='bbox 630 4919 677 4980; x_wconf 89' lang='lat' dir='ltr'><strong>its</strong></span> <span class='ocrx_word' id='word_1_313' title='bbox 703 4913 788 5002; x_wconf 90' lang='lat' dir='ltr'><strong>quod</strong></span> <span class='ocrx_word' id='word_1_314' title='bbox 816 4935 857 4978; x_wconf 85' lang='lat' dir='ltr'><strong>ex</strong></span> <span class='ocrx_word' id='word_1_315' title='bbox 886 4911 951 4978; x_wconf 92' lang='lat' dir='ltr'><strong>levi</strong></span> <span class='ocrx_word' id='word_1_316' title='bbox 979 4913 1192 5000; x_wconf 90' lang='lat' dir='ltr'><strong>negligencia,</strong></span> <span class='ocrx_word' id='word_1_317' title='bbox 1220 4937 1303 5002; x_wconf 87' lang='lat' dir='ltr'><strong>quae</strong></span> <span class='ocrx_word' id='word_1_318' title='bbox 1330 4938 1395 4982; x_wconf 91' lang='lat' dir='ltr'><strong>non</strong></span> <span class='ocrx_word' id='word_1_319' title='bbox 1421 4917 1459 4984; x_wconf 80' lang='lat' dir='ltr'><strong>fit</strong></span> <span class='ocrx_word' id='word_1_320' title='bbox 1479 4941 1523 4984; x_wconf 86' lang='lat' dir='ltr'><strong>ex</strong></span> <span class='ocrx_word' id='word_1_321' title='bbox 1550 4940 1660 5007; x_wconf 76' lang='lat' dir='ltr'><strong>propo</strong></span> 
     </span>
     <span class='ocr_line' id='line_1_38' title="bbox 246 5017 796 5104; baseline -0.009 -22"><span class='ocrx_word' id='word_1_322' title='bbox 246 5020 317 5098; x_wconf 88' lang='lat' dir='ltr'><strong>sito,</strong></span> <span class='ocrx_word' id='word_1_323' title='bbox 342 5017 519 5104; x_wconf 90' lang='lat' dir='ltr'><strong>periurium</strong></span> <span class='ocrx_word' id='word_1_324' title='bbox 539 5039 603 5081; x_wconf 89' lang='lat' dir='ltr'><strong>non</strong></span> <span class='ocrx_word' id='word_1_325' title='bbox 623 5017 796 5081; x_wconf 86' lang='lat' dir='ltr'><strong>incurram.</strong></span> 
     </span>
    </p>
   </div>
   <div class='ocr_carea' id='block_1_14' title="bbox 0 0 1882 6158">
    <p class='ocr_par' dir='ltr' id='par_1_17' title="bbox 0 0 1882 6158">
     <span class='ocr_line' id='line_1_39' title="bbox 0 0 1882 6158; baseline 0 2"><span class='ocrx_word' id='word_1_326' title='bbox 0 0 1882 6158; x_wconf 95' lang='lat' dir='ltr'><strong> </strong></span> 
     </span>
    </p>
   </div>
  </div>
 </body>
</html>
