3756 6158
243 456 305 519 200
817 451 873 500 Das
890 461 983 515 grosse
1001 448 1104 511 colleg.

242 647 402 717 petraque.-
432 634 476 699 Et
503 630 675 717 collegium
701 632 853 720 intelligit
880 655 940 720 per
970 633 1110 721 primum
1133 641 1324 699 nocturnum
1347 633 1472 720 primos
1495 641 1563 697 tres
1586 628 1669 718 psal·

245 756 408 800 moseum
433 731 538 799 tribus
558 731 748 799 lectionibus
771 733 896 820 primis.

849 904 902 967 57.
921 900 1057 966 ιιιιιι).1

324 1031 407 1098 Item
427 1040 583 1098 statutum
604 1055 632 1097 u.
653 1056 677 1096 s.
698 1056 733 1096 w.
761 1035 815 1095 wie
836 1036 907 1095 oben
931 1037 1000 1114 184,
1022 1036 1072 1112 42,
1098 1052 1159 1093 nur
1171 1034 1253 1110 sebit
1273 1033 1321 1093 die
1341 1033 1441 1093 zweite
1456 1034 1571 1108 Hdlfls
1591 1029 1670 1097 Item

202 1143 218 1196 5
245 1130 430 1198 conclusum
450 1136 533 1212 (184,
550 1135 605 1210 45)
627 1134 670 1193 bis
691 1130 877 1217 persolvere
898 1135 981 1213 (185,
1001 1135 1041 1207 3).

327 1584 368 1645 so
392 1582 460 1643 weit
486 1584 539 1643 but
565 1583 613 1644 die
639 1592 717 1644 erate
744 1585 843 1644 Hand
867 1584 1064 1663 pescbrieben,
1093 1585 1141 1645 die
1167 1602 1230 1644 nun
1248 1585 1416 1662 folgenden
1444 1583 1577 1645 Ζιιιᾶιιο
1605 1583 1673 1643 sind

244 1687 304 1744 olla
320 1685 384 1743 'von
403 1682 631 1743 verscbiedencu
652 1682 839 1743 Scis-sibero.

299 1865 348 1932 58.
370 1878 489 1928 nonus
512 1878 712 1928 russum
730 1880 904 1941 susumus
924 1881 993 1930 PRO
1014 1880 1122 1931 HGBO.
1142 1881 1337 1931 mironio
1360 1878 1620 1930 cucurrimus

587 1978 635 2027 Du
656 1979 877 2028 uouuwsnul.
899 1979 1065 2029 Docromu
1087 1981 1124 2028 m
1144 1979 1321 2029 MEDICINA.

206 2106 238 2162 ιθ
330 2092 451 2158 Statuit
473 2087 645 2180 collegium
665 2095 770 2159 maius
792 2093 996 2161 concorditer
1018 2093 1059 2159 de
1081 2093 1247 2161 voluntate
1268 2104 1300 2159 et
1314 2116 1480 2161 consensu
1499 2094 1670 2180 magistro·

245 2215 316 2258 rum
337 2192 452 2258 Iacobi
471 2192 628 2258 Schulteti
649 2180 690 2258 de
712 2192 915 2280 Stargardia,
936 2214 1050 2258 sacrae
1070 2193 1263 2279 theologiae,
1285 2192 1395 2260 Iacobi
1418 2190 1614 2258 Mesoberch
1632 2190 1671 2257 de

247 2290 392 2374 Stendal,
414 2289 595 2357 medicinae
615 2292 864 2380 professorum2,
885 2291 982 2358 buius
1001 2292 1130 2379 negocii
1147 2302 1378 2378 promotorum,
1400 2302 1438 2359 ut
1459 2290 1599 2379 singulis
1618 2312 1670 2357 an·

245 2393 297 2456 nis
318 2390 419 2455 tercio
440 2389 494 2455 vel
522 2401 636 2478 quarto
660 2390 713 2456 die
734 2401 810 2478 post
836 2391 955 2457 festum
982 2393 1088 2457 sancti
1109 2390 1197 2457 Galli
1225 2402 1402 2478 peragatur
1429 2391 1671 2457 anniversarius

246 2487 443 2555 venerabilis
463 2488 628 2575 quondam
649 2490 712 2555 viri
733 2489 829 2576 Mgri.
850 2488 1015 2555 Helmoldi
1043 2488 1261 2557 Gledenstede
1288 2489 1330 2555 de
1351 2489 1544 2573 Zoltwedel,
1573 2487 1672 2556 medi·

207 2599 238 2655 15
247 2589 341 2654 cinae
362 2587 516 2670 doctoris,
543 2610 669 2654 necnon
688 2587 812 2654 domini
832 2587 1012 2671 Bertholdi,
1039 2589 1167 2675 nepotis
1189 2588 1334 2655 eusdem
1362 2589 1503 2679 praesqti
1531 2587 1673 2655 doctoris

248 2684 349 2775 [llb],
371 2685 460 2774 apud
483 2697 631 2752 sanctum
649 2685 830 2771 Nicolaum,
859 2687 1036 2757 dummodo,
1053 2687 1175 2753 ibidem
1196 2710 1261 2753 non
1284 2689 1381 2754 fixerit
1401 2688 1546 2776 positum
1567 2685 1673 2754 obsta·

247 2787 362 2868 culum,
389 2784 471 2850 alias
497 2785 714 2852 transferatur
742 2784 786 2851 ad
814 2794 961 2852 sanctum
980 2786 1124 2852 Paulum.
1165 2785 1220 2851 Ad
1249 2808 1330 2874 quas
1360 2786 1492 2873 quidem
1519 2785 1673 2873 exequias

248 2883 453 2975 peragendas
472 2883 553 2949 fiant
572 2883 635 2950 duo
657 2883 770 2971 pulsus
789 2885 878 2972 apud
898 2894 1046 2950 sanctum
1059 2885 1231 2951 Nicolaum
1251 2908 1312 2973 pro
1333 2884 1455 2973 vigiliis
1475 2896 1508 2951 et
1528 2885 1675 2972 sequenti

247 2984 301 3050 die
321 3005 405 3048 unus
427 2980 539 3071 pulsus
563 3006 622 3069 pro
644 2983 755 3066 missa,
776 2985 869 3049 iuxta
889 3007 1014 3072 morem
1028 2986 1239 3070 exequiarum
1253 2983 1378 3050 domini
1397 2983 1554 3067 doctoris,
1573 2984 1675 3071 msffl'·

205 3095 239 3151 20
251 3085 311 3149 stri
330 3080 486 3148 Iohannis
508 3079 549 3147 de
563 3080 800 3169 Monsterberg,
822 3105 881 3172 pro
904 3082 1023 3172 quibus
1045 3083 1161 3149 dentur
1182 3082 1388 3171 pulsantibus
1407 3084 1443 3173 iij
1466 3099 1507 3168 95.
1529 3092 1563 3149 et
1581 3082 1675 3171 iijq

245 3185 327 3249 Item
346 3181 393 3268 iiij
417 3195 456 3266 95.
488 3191 633 3266 exponat
653 3183 858 3269 praepositus
880 3180 1092 3270 collegii'pro
1113 3203 1189 3247 cera
1213 3182 1257 3247 ad
1277 3181 1431 3248 candelas
1452 3205 1513 3271 pro
1536 3181 1674 3249 oblacio

246 3305 297 3364 ne,
321 3282 400 3345 item
427 3280 547 3346 rectori
576 3279 751 3345 scolarium
774 3288 793 3345 4
815 3297 854 3366 pq.
877 3303 936 3369 pro
957 3280 1079 3368 vigiliis
1102 3291 1134 3347 et
1156 3282 1258 3347 missa
1278 3281 1511 3348 defunctorum
1525 3304 1587 3370 per
1608 3304 1673 3348 sco

246 3381 333 3447 lares
359 3376 581 3462 decantandis,
613 3382 795 3446 succentori
823 3381 845 3468 ij
868 3394 910 3464 pt.
936 3402 995 3466 pro
1015 3375 1217 3448 ‘Recordare’
1240 3392 1308 3446 tam
1329 3391 1404 3468 post
1424 3380 1558 3469 vigilios
1580 3402 1674 3467 quum

249 3488 324 3566 post
344 3479 478 3543 missam
499 3476 712 3561 decantando,
734 3478 872 3567 plebano
893 3480 916 3566 ij
939 3495 989 3564 pc,
1011 3482 1039 3545 si
1059 3479 1206 3546 ultimam
1227 3482 1262 3545 in
1281 3479 1405 3566 vigiliis
1425 3478 1545 3566 legerit
1564 3479 1673 3545 lectio·

206 3591 321 3646 25ne1n
327 3627 336 3659 ,
366 3575 448 3642 alias
479 3576 582 3643 solum
608 3600 707 3643 unum
729 3602 778 3665 gr.
805 3578 953 3662 babebit,
980 3583 1059 3644 item
1086 3578 1287 3665 subplebano
1314 3578 1409 3644 detur
1436 3582 1448 3643 i
1470 3594 1520 3662 pp,
1550 3576 1674 3644 custodi

248 3676 403 3743 ecclesiae
424 3675 572 3741 similiter
594 3699 675 3742 unus
695 3700 743 3763 gr.
766 3677 868 3760 detur,
891 3677 1024 3743 cuilibet
1044 3677 1222 3744 choralium
1244 3679 1323 3766 iijoss
1344 3688 1377 3742 et
1396 3677 1530 3744 cuilibet
1549 3678 1669 3759 iuveni,

248 3781 282 3844 in
308 3775 431 3863 vigiliis
459 3775 628 3840 lectionem
658 3775 792 3863 legenti,
824 3780 908 3860 113,
940 3799 1022 3863 quae
1049 3778 1173 3844 faciunt
1201 3779 1235 3842 in
1263 3800 1389 3842 summa
1415 3779 1500 3865 xviij
1525 3793 1568 3864 95.
1597 3779 1673 3857 Η.

248 3877 320 3942 Has
350 3876 505 3963 exequias
540 3877 744 3963 praepositus
774 3875 902 3962 collegii
932 3877 1065 3942 maioris
1093 3877 1266 3965 disponere
1293 3885 1420 3942 tenetur
1449 3886 1481 3941 et
1509 3876 1674 3964 magistris

209 3983 216 3996 '
251 3974 395 4041 eiusdem
417 3972 545 4060 collegii
567 3983 599 4039 et
618 3973 754 4039 oliorum
776 3974 915 4041 duorum
932 3973 1141 4062 collegiorum
1168 3998 1230 4062 quo
1253 3975 1296 4041 ad
1316 3976 1414 4042 horas
1435 3974 1626 4061 vigiliarum
1645 3985 1676 4040 et

208 4076 426 4141 admissurum
453 4074 604 4138 intimare
633 4096 692 4160 per
720 4073 878 4156 cedulam,
908 4075 1103 4161 praepositis
1134 4073 1271 4140 aliorum
1299 4073 1510 4161 collegiorum
1537 4072 1675 4161 dirigen-

250 4175 334 4240 dam.
376 4171 444 4237 Ubi
472 4173 500 4236 si
530 4173 768 4258 comparuerint
795 4174 829 4237 in
856 4172 954 4244 choro
980 4173 1085 4238 sancti
1110 4172 1253 4255 Nicolai,
1280 4175 1313 4238 in
1335 4172 1457 4259 vigiliis
1485 4183 1562 4239 ante
1580 4170 1675 4239 linem

249 4275 347 4361 primi
374 4273 523 4339 nocturni
545 4267 630 4358 [12⁸]
653 4271 738 4334 etin
757 4272 859 4337 missa
880 4271 1054 4359 principali
1080 4271 1306 4340 defunctorum
1333 4283 1408 4337 onte
1436 4271 1621 4360 epistolam,
1646 4281 1676 4336 et

249 4372 371 4439 ibidem
400 4370 654 4459 permanserint,
682 4370 716 4434 in
740 4369 861 4456 vigiliis
887 4369 1035 4436 adminus
1056 4393 1158 4458 usque
1184 4372 1226 4438 ad
1254 4371 1377 4454 laudes,
1405 4373 1439 4436 in
1468 4372 1579 4438 missis
1600 4392 1674 4437 vero

250 4494 351 4560 usque
381 4470 423 4536 ad
453 4468 621 4536 silencium
648 4468 794 4556 (dempto
817 4471 908 4536 exitu
933 4492 994 4558 pro
1017 4469 1206 4557 offertorio),
1234 4471 1292 4537 ubi
1321 4469 1457 4557 quilibet
1486 4466 1676 4558 collegiatus

208 4582 406 4660 35praesens
434 4568 477 4633 ad
505 4567 568 4633 duo
598 4566 715 4633 altaria
744 4569 861 4635 offerre
888 4578 1045 4653 teneatur,
1073 4569 1206 4636 habebit
1233 4568 1368 4658 quilibet
1395 4587 1419 4634 x
1443 4584 1485 4656 pq.
1516 4570 1673 4659 antiquos.

252 4670 288 4735 Si
309 4679 417 4735 autem
438 4677 609 4753 utrumque
631 4665 851 4754 neglexerint,
880 4668 1004 4735 scilicet
1028 4668 1160 4756 vigilias
1184 4679 1216 4734 et
1240 4671 1367 4753 musas,
1395 4667 1477 4735 nibil
1502 4666 1673 4735 habebunt

331 4934 342 4985 1
372 4928 459 4986 Nlcbt
481 4929 593 5002 gesihlt
614 4932 652 4986 Im
671 4931 810 5006 original,
831 4950 862 4991 so
879 4934 942 4990 dass
966 4933 1060 4990 fortan
1076 4933 1122 4988 die
1142 4882 1247 4988 Zoblen
1265 4930 1365 4988 wieder
1381 4932 1671 4991 zusammensb'm

330 5017 345 5068 2
372 5013 521 5071 Vislleicht
537 5015 588 5071 das
604 5016 703 5072 iltests
719 5017 850 5090 Beispiel,
873 5018 937 5093 duas
955 5017 1004 5074 der
1023 5017 1097 5072 'libel
1121 5016 1305 5073 Professor
1327 5032 1382 5071 von
1406 5014 1496 5072 cinon
1516 5017 1620 5076 nudem
1634 5015 1672 5072 uls

252 5099 342 5155 einem
357 5097 517 5169 Theologsn
533 5099 689 5171 gebraucht
706 5102 781 5156 erd.
