3756 6158
248 486 309 550 612
761 483 810 534 Die
829 483 1014 534 madicinirclre
1031 481 1158 535 Facultttt.

250 665 420 750 diligenter
442 663 616 746 audivisse,
640 673 673 728 et
693 687 751 751 per
776 664 958 730 huiusmodi
979 674 1105 750 tempus
1127 663 1251 729 biennii
1281 663 1377 730 debet
1399 664 1499 730 etiarn
1525 684 1599 727 cum
1622 660 1678 726 ali·

248 789 310 850 quo
333 787 444 829 eorum
465 763 516 828 vel
539 762 675 829 aliorum
704 764 869 828 doctorum
897 766 1077 850 practicam
1097 765 1131 827 iu
1152 763 1323 830 medicinis
1351 763 1525 850 diligenter
1548 760 1678 826 adiisse.

248 863 343 945 Quod
366 874 563 950 postremum
586 866 699 929 sinon
721 860 946 950 adimpleverit
967 863 1060 951 (quia
1080 862 1234 929 conmode
1255 864 1362 929 facere
1384 865 1520 948 nequit),
1542 859 1678 926 facultas

247 985 355 1029 secum
377 962 551 1049 dispenset.

206 1075 222 1128 5
333 1071 361 1128 4.
386 1061 694 1127 Baccalaureandus
715 1060 849 1147 quilibet
876 1071 1008 1125 nostrae
1035 1059 1207 1141 facultatis,
1235 1083 1295 1148 per
1321 1061 1470 1127 doctores
1490 1061 1527 1125 in
1547 1057 1676 1123 medici·

247 1165 297 1228 nis
320 1162 361 1226 ad
384 1163 566 1246 rigorosum
590 1184 727 1226 examen
754 1160 917 1225 admissus
944 1170 976 1224 et
1000 1165 1214 1243 examinatus,
1244 1171 1417 1247 antequam
1440 1159 1505 1224 sibi
1529 1184 1588 1247 per
1610 1182 1675 1224 eos·

248 1262 320 1329 dem
355 1261 504 1326 doctores
533 1264 774 1325 examinatores
802 1258 898 1325 finale
926 1283 1118 1346 responsum
1147 1259 1188 1325 de
1215 1262 1284 1325 eius
1313 1258 1514 1324 admissione
1542 1258 1675 1339 dicatur,

248 1361 375 1427 solvere
398 1371 524 1425 tenetur
546 1359 676 1423 realiter
699 1370 730 1423 et
760 1382 831 1423 curn
862 1359 977 1424 effectu
1007 1381 1065 1423 sex
1095 1359 1234 1424 florenos
1263 1359 1297 1422 in
1326 1381 1406 1423 auro
1434 1381 1591 1423 renenses
1618 1381 1674 1446 pro

247 1459 358 1525 labore
384 1459 556 1524 ethonore
584 1459 767 1523 eorundem.
809 1458 853 1523 Et
880 1457 977 1523 debet
1005 1456 1065 1523 sub
1086 1458 1198 1524 eodem
1220 1458 1368 1523 examine
1390 1480 1451 1543 pro
1474 1457 1593 1523 solatio
1614 1456 1674 1521 dis·

209 1570 240 1625 10
250 1581 371 1646 ponere
393 1582 491 1623 unum
512 1557 702 1623 cantharum
722 1559 789 1622 vini
810 1557 913 1622 dulcis
934 1559 982 1622 et¹
1004 1556 1085 1623 duos
1107 1557 1280 1623 cantharos
1300 1559 1477 1621 cerevisiae
1500 1555 1674 1621 secundum

248 1659 411 1745 optionem
434 1657 601 1722 doctorum
624 1679 697 1721 cum
718 1680 780 1722 uno
803 1656 921 1722 talento
943 1657 1090 1721 confecti.

330 1765 356 1823 5.
380 1757 540 1822 Doctores
563 1756 727 1821 facultatis
749 1755 894 1821 medicae
914 1753 1033 1820 debent
1053 1754 1233 1821 deliberare
1256 1765 1288 1819 et
1309 1758 1507 1820 constituere
1530 1754 1673 1841 diligenti

248 1879 327 1921 cura
349 1865 382 1920 et
401 1858 536 1938 ratione,
558 1858 613 1943 qui
633 1855 710 1920 libri
730 1854 772 1919 ad
793 1854 1038 1941 completionem
1059 1877 1102 1918 ex
1122 1854 1311 1942 Hipocrate,
1334 1854 1471 1936 Galenc,
1494 1855 1672 1936 Avicenna,

246 1954 353 2019 Basse
376 1978 448 2020 cum
479 1958 622 2019 maxima
653 1954 838 2020 auditorum
865 1953 1002 2018 utilitate
1032 1952 1097 2038 legi
1128 1957 1270 2042 possint,
1299 1964 1332 2020 et
1357 1977 1492 2042 operam
1522 1954 1616 2037 dare,
1644 1968 1675 2018 ut

209 2064 239 2119 15
251 2052 415 2141 legantur,
440 2065 472 2120 et
493 2054 618 2119 axillis
640 2064 761 2142 puncta
783 2055 969 2118 examinum
991 2052 1152 2141 capienda
1175 2055 1249 2119 sint.

328 2159 355 2219 6.
377 2154 485 2219 Debet
514 2155 610 2218 etiam
640 2153 774 2240 quilibet
800 2151 1152 2218 baccalaureandorum
1181 2164 1326 2241 tempore
1354 2176 1432 2217 suae
1461 2155 1673 2239 promotionis

247 2253 372 2318 solvere
402 2254 579 2341 promotori
610 2275 668 2318 suo
698 2263 834 2338 quatuor
864 2252 1003 2318 florenos
1034 2263 1108 2316 ante
1138 2254 1375 2338 promotionem
1405 2250 1571 2335 habitam,
1602 2255 1675 2317 item

247 2363 320 2417 ante
343 2374 480 2416 examen
501 2351 583 2416 duos
605 2351 744 2416 florenos
767 2373 918 2417 renensea
952 2350 994 2416 ad
1025 2350 1136 2416 fiscum
1165 2350 1329 2417 facultatis
1356 2351 1522 2428 (similiter
1547 2353 1675 2417 famulis

246 2453 279 2515 in
301 2460 376 2515 actu
396 2452 607 2538 promotionis
627 2474 725 2515 unum
748 2473 880 2515 auremn
901 2473 1066 2515 nummum
1090 2450 1141 2515 vel
1163 2450 1348 2533 valorem.)2

205 2560 239 2615 u)
330 2556 357 2614 l.
379 2549 684 2615 Baccalaureandus
711 2549 943 2614 medicinarum
970 2552 1004 2613 in
1031 2560 1192 2637 apparatu
1221 2573 1297 2614 suae
1323 2551 1539 2637 promotionis
1569 2554 1674 2617 iurare

245 2649 416 2731 tenebitur,
446 2648 531 2736 quod
557 2647 636 2713 velit
664 2671 851 2735 procurare,
879 2659 1036 2734 quantum
1057 2651 1091 2713 in
1117 2671 1151 2713 se
1176 2650 1288 2731 fuerit,
1318 2647 1437 2714 bonum
1458 2652 1556 2715 istius
1579 2651 1673 2716 facul

246 2751 332 2831 tatis,
361 2747 403 2812 ad
431 2771 651 2835 quemcunque
682 2757 799 2813 statum
822 2748 1001 2830 devenerit,
1031 2759 1062 2811 et
1090 2747 1176 2835 quod
1206 2747 1327 2813 dictum
1357 2750 1497 2834 gradum
1525 2752 1561 2814 in
1590 2749 1674 2814 nulla

248 2847 313 2912 alia
346 2851 556 2912 universitate
595 2858 835 2935 resumpturus,
869 2858 900 2911 et
932 2849 967 2911 in
999 2858 1073 2912 actu
1104 2849 1318 2935 promotionis
1350 2871 1427 2912 suae
1459 2851 1673 2915 iuramentum

246 2946 432 3012 huiusmodi
456 2947 639 3013 solemniter
661 2970 841 3034 perunum
864 2969 906 3010 ex
927 2946 1057 3012 famulis
1079 2948 1300 3012 universitatis
1320 2947 1552 3035 publicabitur.

204 3056 237 3112 25
331 3052 358 3114 8.
380 3046 500 3111 Volens
528 3048 561 3109 in
592 3046 841 3111 baccalaureum
870 3049 1054 3132 promoveri
1081 3046 1260 3111 medicinae
1289 3046 1405 3112 debeat
1433 3060 1510 3113 ante
1539 3072 1672 3115 examen

246 3169 338 3211 suum
361 3147 524 3231 privatum
546 3157 577 3209 et
598 3156 672 3209 ante
695 3144 982 3232 dispensationem,
1010 3167 1094 3230 quae
1114 3144 1195 3209 fiunt
1219 3168 1278 3233 per
1304 3145 1455 3211 doctores
1479 3147 1520 3213 de
1543 3148 1671 3215 consilio

246 3244 411 3311 facultatis
441 3243 595 3325 eiusdem,
625 3243 756 3332 publice
781 3245 816 3306 in
842 3244 960 3309 scholis
991 3244 1050 3309 sub
1079 3243 1185 3330 aliquo
1214 3244 1392 3309 medicinae
1421 3246 1554 3311 doctore
1583 3270 1671 3335 quae·

246 3347 382 3410 ationem
410 3342 634 3408 medicinalem
663 3342 897 3408 determinasse
927 3353 959 3407 et
987 3347 1091 3409 eidem
1121 3343 1246 3408 doctori
1272 3354 1303 3408 et
1336 3343 1411 3408 aliis
1439 3348 1609 3433 magistris
1636 3369 1671 3411 ac

247 3442 448 3508 scholaribus
475 3453 604 3507 nostrae
632 3441 804 3524 facultatis,
833 3453 945 3507 contra
975 3466 1065 3507 suam
1097 3444 1292 3528 positionem
1320 3466 1460 3527 arguere
1483 3447 1670 3527 volentibus,

205 3554 308 3630 30pr0
330 3541 415 3606 virili
438 3543 654 3627 respondisse.

330 3648 358 3708 9.
382 3641 527 3721 Quilibet
555 3640 786 3705 baccalaureus
816 3664 872 3705 seu
905 3641 1061 3706 scholaris
1087 3643 1250 3708 facultatis
1279 3645 1425 3708 medicae
1454 3654 1584 3709 tenetur
1616 3668 1670 3732 pro

246 3741 316 3807 loco
338 3752 369 3805 et
391 3752 535 3827 tempore
556 3742 746 3826 congruenti
771 3740 893 3805 decano
916 3753 947 3805 et
968 3741 1155 3806 doctoribus
1178 3741 1320 3806 eiusdem
1341 3743 1510 3808 facultatis
1533 3745 1670 3809 debitum

250 3842 400 3905 honorem
424 3855 455 3904 ct
475 3842 689 3904 reverentiam
713 3840 910 3926 impendere,
941 3839 999 3903 sub
1020 3863 1126 3926 poena
1147 3864 1211 3905 non
1232 3841 1439 3906 admissionis
1463 3844 1507 3907 ad
1537 3845 1669 3930 aliquem

247 3940 396 4025 gradum.
436 3941 516 4004 Item
548 3943 574 4002 si
603 3942 674 4024 quis
704 3963 814 4003 eorum
837 3937 977 4026 aliquem
999 3962 1040 4002 ex
1063 3938 1249 4005 doctoribus
1273 3941 1373 4025 (quod
1396 3941 1497 4028 absit)
1522 3945 1671 4008 iniuriose

204 4038 485 4122 atmolestaverit,
513 4037 587 4101 talis
615 4062 679 4103 non
709 4039 896 4103 admittatur
922 4038 965 4102 ad
991 4041 1224 4124 promotionem
1247 4038 1399 4125 aliquam,
1426 4044 1492 4106 nisi
1514 4046 1608 4129 prins
1628 4066 1670 4106 re·

246 4137 434 4202 conciliatus
464 4140 567 4202 tuerit.
610 4138 694 4201 Nam
723 4147 859 4228 nonest
887 4137 1004 4222 dignus
1036 4135 1144 4224 aliqua
1174 4141 1373 4225 promotione
1401 4144 1458 4226 qui
1486 4146 1554 4206 suis
1583 4166 1669 4229 prae

249 4236 443 4320 captoribus,
466 4261 485 4300 a
508 4236 625 4323 quibus
648 4259 719 4300 eam
741 4236 891 4320 adfectat,
913 4238 1129 4302 irreverenter
1152 4238 1351 4302 adversatur.

246 4416 308 4504 [Bl.
331 4415 387 4504 4¹³]
411 4437 517 4501 oeno,
540 4436 610 4494 ono
635 4436 733 4484 nono
755 4435 1336 4503 rnonovnnn1nnccnnaunnnun13
1380 4439 1489 4499 mous
1511 4441 1671 4490 ascaron

762 4533 983 4581 coercemus
1008 4537 1159 4583 aaaron.

201 4660 235 4715 40
713 4655 822 4716 Caput
843 4654 932 4702 XIII.
954 4651 1026 4717 (Vgl.
1046 4658 1068 4705 ii.
1087 4654 1124 4703 St.
1140 4656 1191 4714 20.)

331 4765 461 4848 Placet,
492 4767 576 4853 quod
609 4768 761 4853 deinceps
793 4769 885 4831 iuxta
915 4769 1037 4832 senium
1069 4768 1236 4834 doctorum
1271 4770 1312 4835 de
1342 4772 1479 4838 consilio
1513 4776 1671 4840 facultatis

246 4868 454 4930 existentium
485 4866 756 4930 baccalaureandi
787 4878 1048 4950 promoveantur,
1078 4870 1124 4931 ita
1151 4868 1237 4955 quod
1262 4869 1410 4934 doctores
1432 4875 1579 4939 vicissim
1603 4898 1670 4962 pre

401 5084 424 5116 w
519 5067 532 5118 ,²

330 5071 344 5202 l
364 5066 693 5220 basanldgellnnneue
712 5150 746 5202 ist
766 5147 983 5221 nachgetrageu,
1000 5150 1071 5205 doch
1088 5150 1160 5206 wohl
1178 5152 1361 5226 gleichzeitig.
