3810 6150
749 538 798 586 Die
817 537 936 587 Statuten
955 532 1007 587 voit
1029 537 1100 587 toas.
1575 541 1630 603 261

214 725 245 782 et
263 715 406 806 quadam
426 716 625 783 humanitate
647 719 689 784 ad
712 741 827 805 operas
848 718 1007 783 incitetur.
1039 719 1121 784 'Non
1144 729 1193 784 est
1213 721 1312 808 igitur
1333 719 1511 800 ferendum,
1537 732 1573 785 ut
1593 743 1635 786 ex

216 815 345 902 collegis
366 817 418 880 vel
443 816 606 904 inquilinis
635 821 707 904 quis
735 817 917 906 petulanter
947 827 979 882 et
1007 817 1123 882 acerbe
1151 841 1223 883 eam
1250 820 1406 901 offendet,
1436 820 1527 904 sique
1551 821 1635 884 inter

216 914 271 979 hos
295 925 368 980 orta
388 916 485 980 fuerit
506 920 736 999 controversia,
757 917 791 981 id
816 913 1063 1003 significandum
1085 927 1134 982 est
1152 921 1349 1007 praeposito,
1370 920 1434 1006 qui,
1457 941 1529 984 cum
1551 941 1634 983 com·

218 1038 336 1102 ponere
355 1025 504 1103 nequeat,
526 1016 569 1080 ad
591 1025 691 1082 totum
712 1015 852 1081 deducat
874 1014 1055 1101 collegium.

841 1204 1049 1215 —-—-—-

295 1321 452 1380 Hismara
471 1338 529 1379 oon
550 1323 681 1379 eadmer
702 1321 813 1379 Hand:
1662 1328 1677 1383 5

217 1463 260 1554 [S.
281 1465 332 1554 at]
355 1484 564 1534 nxrmoamo
587 1484 683 1532 esur.
706 1486 728 1532 1.
760 1485 807 1532 nn
829 1486 1027 1536 auacrroua
1047 1488 1132 1537 uovr
1151 1486 1333 1536 consecra
1355 1473 1375 1550 ξ
1400 1486 1436 1534 m
1455 1485 1630 1535 nronnnrs.

296 1600 348 1664 De
375 1600 482 1666 officio
509 1609 541 1664 et
562 1600 632 1664 iure
661 1601 840 1687 praepositi
863 1603 898 1666 in
919 1601 1075 1669 electione
1099 1605 1175 1668 novi
1202 1601 1344 1688 collegae
1365 1601 1429 1666 duo
1458 1624 1500 1666 ex
1529 1611 1635 1666 mente

218 1700 374 1764 maiorum
398 1700 500 1788 probe
522 1699 729 1765 observanda
751 1723 832 1782 esse,
854 1704 998 1768 unanimi
1021 1724 1178 1769 consensu
1199 1700 1368 1787 collegium
1390 1702 1514 1765 censuit
1542 1710 1638 1786 atque

217 1797 366 1863 decrevit.
407 1799 502 1864 Prius
527 1810 589 1880 est,
618 1799 704 1886 quod
726 1802 931 1887 praepositus
954 1804 987 1866 in
1010 1801 1155 1868 dicendis
1184 1801 1346 1887 suffragiis
1374 1810 1405 1865 et
1432 1799 1636 1865 consultatio·

217 1895 319 1979 nibus,
348 1900 550 1984 potissimum
572 1919 649 1963 vero
671 1902 704 1963 in
726 1898 891 1981 eloctione,
919 1903 1060 1988 primum
1081 1901 1202 1967 habere
1224 1899 1341 1965 debeat
1361 1908 1482 1965 votum.
1522 1897 1635 1986 Expli·
1648 1910 1679 1964 10

218 2006 289 2062 cata
310 1999 409 2085 igitur
431 2021 490 2063 sua
512 1999 770 2064 sententiacirca
790 2020 962 2085 personam
983 2001 1177 2089 eligendam,
1197 2000 1402 2089 praepositus
1422 1992 1535 2064 ordine‘
1557 2000 1637 2063 senii

217 2095 347 2182 colligat
368 2097 532 2184 suffragia,
555 2120 691 2185 quorum
711 2097 881 2185 pluralitas
901 2101 966 2186 ipsi
986 2124 1047 2188 pro
1069 2102 1141 2188 lege
1161 2103 1215 2184 sit,
1242 2097 1418 2164 secundum
1445 2120 1543 2185 quam
1564 2121 1637 2162 con·

217 2195 331 2261 cludat.
371 2196 537 2262 Posterius
563 2206 626 2279 est,
656 2197 743 2285 quod
764 2200 971 2285 praepositus
992 2199 1112 2268 habere
1136 2200 1255 2267 debeat
1274 2208 1385 2265 votum
1407 2198 1585 2264 decisivum
1608 2207 1640 2262 et

217 2300 394 2383 cuicunque
421 2297 508 2383 parti
532 2295 670 2375 voluerit
694 2319 751 2362 suo
771 2306 826 2361 aut
847 2319 932 2364 novo
957 2296 1021 2387 [35]
1043 2312 1099 2366 aut
1119 2301 1257 2390 repetito
1279 2307 1356 2363 voto
1377 2297 1504 2385 pondus
1529 2320 1638 2385 super-

217 2395 336 2461 addere
365 2396 484 2483 possit,
513 2395 542 2459 si
567 2406 644 2460 vota
674 2396 922 2482 suffragantium
944 2422 1136 2489 quocunque
1155 2400 1252 2465 modo
1277 2399 1340 2462 sint
1364 2399 1466 2485 paria.
1511 2395 1638 2479 Quodsi
1651 2407 1680 2461 15

217 2507 323 2659 adpqleqr
354 2496 424 2561 iure
456 2517 513 2562 suo
545 2493 715 2560 decidendi
746 2494 829 2560 nltro
858 2495 974 2562 cedere
1005 2497 1085 2564 velit
1115 2499 1333 2586 praepositus,
1365 2499 1483 2585 poterit
1514 2498 1639 2563 sortitio

316 2616 375 2659 err.

842 2698 1049 2709 ——.-

297 2849 541 2929 Daraassolqea
554 2854 573 2913 5
588 2853 665 2908 terre
679 2850 788 2929 Seitea,
808 2852 1022 2913 aceldemach
1038 2854 1156 2930 bapiuat
1175 2854 1233 2913 die
1254 2854 1380 2912 aurita
1404 2853 1641 2931 Atticiluaq:

599 2992 643 3082 [S.
665 2995 716 3084 41]
742 2996 904 3064 Statuta
924 2998 1255 3086 inquilinorum¹

716 3165 763 3213 DE
784 3167 942 3215 PERSONA
963 3167 1143 3228 INQUILINI.
1649 3158 1683 3214 20

827 3269 996 3319 statutum
1014 3270 1034 3322 1.

295 3365 441 3430 Primum
462 3366 602 3452 omnium
625 3367 680 3453 qui
696 3365 875 3431 conducere
888 3365 1100 3432 habitationis
1121 3364 1225 3431 locum
1248 3387 1268 3429 a
1287 3372 1436 3429 curatore
1449 3363 1537 3446 velit,
1556 3364 1641 3429 hunc

215 3465 363 3532 nolumus
390 3487 431 3531 ex
459 3465 523 3530 alio
546 3464 681 3552 collegio
703 3464 880 3552 relegatum
903 3476 959 3531 aut
979 3466 1147 3532 exclusum
1170 3488 1249 3531 esse.
1291 3463 1448 3529 Nolumus
1471 3463 1567 3528 etiam
1594 3464 1641 3528 in·

216 3564 381 3651 quilinum,
410 3565 703 3652 compotationibus
727 3576 783 3630 aut
812 3564 885 3630 aliis
915 3565 1075 3631 similibus
1102 3563 1199 3629 rebus
1219 3562 1371 3628 infamem
1394 3572 1450 3627 aut
1471 3562 1641 3628 turbandis

216 3663 399 3730 hominibus
425 3663 632 3753 petulantem,
661 3665 718 3730 sed
748 3666 878 3752 pietatis
909 3676 941 3730 et
967 3688 1065 3731 verae
1093 3664 1259 3750 religionis
1289 3673 1461 3745 amantem,
1491 3664 1582 3749 pacis
1610 3671 1683 3727 etto

220 3763 377 3830 bonarum
400 3759 463 3850 [42]
487 3766 606 3828 artium
629 3763 818 3844 studiosum,
839 3763 1048 3850 tranquillum
1069 3773 1100 3828 et
1122 3763 1275 3829 sobrium.
1316 3761 1446 3827 Deinde
1466 3760 1641 3846 inquilinus

219 3873 328 3928 noster
350 3865 445 3928 sitin
466 3865 687 3929 universitatis
714 3863 825 3928 album
851 3865 1027 3952 inscriptus
1055 3862 1236 3948 habeatque
1262 3869 1507 3949 praeceptorem
1534 3862 1642 3947 priva-

217 3975 283 4028 tum
302 3961 355 4028 vel
376 3962 459 4028 alias
479 3961 607 4050 publice
620 3960 774 4029 docentes
796 3963 917 4028 audiat
948 3962 1012 4044 Qui
1035 3962 1120 4028 ultra
1138 3983 1291 4043 mensem,
1313 3962 1502 4049 priusquam
1525 3963 1642 4027 rectori

217 4061 438 4129 iusiurandum
471 4062 605 4144 dixerit,
639 4062 693 4127 hic
721 4060 933 4144 habitaverit,
965 4075 1021 4126 aut
1052 4085 1118 4127 non
1149 4061 1237 4149 apud
1268 4070 1428 4126 rectorem
1461 4062 1643 4146 professum

222 4185 335 4228 nomen
357 4185 449 4228 sunm
470 4162 559 4249 apud
580 4185 614 4227 se
637 4161 786 4228 habitare
807 4184 923 4249 passus
944 4162 1055 4244 fuerit,
1083 4162 1176 4225 unius
1205 4160 1319 4225 floreni
1340 4159 1493 4224 mulctam
1524 4158 1683 4224 solvito30

222 4272 276 4327 aut
295 4285 337 4328 ex
359 4261 494 4349 collegio
516 4260 704 4327 excluditor.
732 4262 948 4327 Facinorosos
971 4271 1002 4325 et
1022 4262 1147 4325 notorie
1170 4259 1391 4345 delinquentes
1411 4279 1451 4322 ne
1472 4259 1546 4346 quis
1567 4280 1640 4323 con-

223 4361 303 4426 sulto
325 4371 359 4426 et
378 4361 490 4427 volens
511 4372 665 4449 tanquam
684 4363 717 4427 in
738 4361 865 4448 asylum
887 4360 930 4427 ad
952 4383 986 4424 se
1005 4358 1139 4424 trahite:
1172 4360 1226 4445 qni
1248 4380 1342 4423 secus
1363 4359 1484 4440 fecerit,
1506 4357 1641 4443 collegio

223 4463 361 4547 quinque
379 4461 520 4543 florines,
541 4462 666 4548 quoties
687 4460 721 4525 id
740 4461 863 4544 fecerit,
886 4458 1070 4548 persolvito.

541 4624 587 4713 [S.
609 4623 660 4714 43]
684 4645 730 4692 ns
753 4642 997 4694 counoosunrs
1018 4640 1321 4692 mamsmomnos.

820 4748 990 4798 Ststntnm
1007 4745 1047 4795 ΙΙ.
1651 4749 1684 4805 35

301 4842 348 4911 Ut
367 4856 507 4926 curator,
529 4844 630 4910 invito
652 4841 796 4931 collegio,
820 4846 981 4910 neminem
1000 4843 1045 4909 ad
1067 4840 1196 4930 collegii
1217 4839 1408 4930 inquilinum
1426 4837 1576 4937 admittit,
1596 4839 1643 4904 ita

223 4966 346 5032 quoqne
372 4944 441 5009 sine
468 4942 555 5009 illius
576 4964 733 5009 consensu
756 4966 850 5011 nemo
871 4944 1081 5030 vaporarium
1109 4953 1164 5008 aut
1193 4942 1300 5007 locum
1328 4938 1456 5024 collegii
1484 4961 1643 5026 usurpare

223 5041 326 5127 debat,
349 5041 440 5108 clave
460 5042 523 5108 sibi
544 5065 565 5108 a
585 5053 735 5109 curatore
755 5067 820 5110 non
841 5042 963 5111 tradita
984 5054 1040 5109 aut
1057 5042 1187 5129 longius
1204 5063 1270 5106 non
1290 5039 1451 5126 permissa
1465 5047 1496 5103 et
1513 5038 1642 5103 nomino

305 5214 316 5266 1
337 5207 433 5280 Vergt
450 5207 523 5265 oben
543 5205 571 5264 S.
590 5212 649 5278 218,
666 5205 749 5280 wig.
