3756 6158
789 483 845 532 Das
871 481 993 531 Paulines
1020 480 1123 543 colleg.

369 738 480 788 undas
501 738 547 787 AD
568 739 773 789 msclrunos
793 738 1088 788 corrueremus
1109 738 1258 789 PROPRIE
1280 740 1533 790 rnn'rnmms.

895 892 967 941 Lex
985 891 1007 942 1.

248 1003 250 1007 ⁴
328 1005 523 1092 Quicunque
542 1004 576 1094 in
596 1004 804 1070 contubernio
826 1003 944 1091 degere
964 1006 1097 1092 paucive
1115 1005 1262 1087 voluerit,
1283 1006 1312 1070 is
1333 1005 1468 1093 cogitor,
1491 1027 1565 1072 cnm
1585 1008 1656 1072 reci·

243 1107 359 1191 pietur,
383 1104 589 1193 promittere:

202 1214 218 1268 5
358 1204 384 1269 1.
407 1202 449 1269 Se
470 1202 597 1290 legibus
619 1203 903 1269 contubernalibus
924 1204 1042 1291 parcre
1061 1204 1154 1269 velle.

342 1303 384 1369 Π.
407 1302 490 1369 Cum
511 1303 617 1387 quiete
639 1310 672 1366 ct
693 1302 817 1389 pudore
839 1304 958 1371 vivere.

325 1402 384 1468 ΠΙ.
404 1401 572 1488 Magistris
592 1403 659 1468 suis
679 1403 875 1488 morigerum
897 1426 978 1470 esse.

327 1503 385 1568 IV.
407 1501 538 1567 Nullum
558 1501 711 1568 damnum
733 1501 942 1568 contubernio
965 1503 1039 1570 dolo
1061 1504 1146 1570 malo
1166 1504 1246 1571 dare
1264 1513 1307 1589 et,
1326 1503 1542 1593 undecunque
1554 1505 1658 1572 datum

244 1604 286 1668 iri
306 1602 476 1668 resciverit
495 1609 551 1667 aut
570 1602 736 1684 metuerit,
764 1602 798 1666 in
817 1623 890 1667 eam
914 1611 1040 1689 partem
1068 1627 1129 1693 pro
1150 1604 1275 1671 viribus
1305 1627 1340 1670 ae
1366 1626 1541 1693 opponere
1583 1605 1659 1673 Ante

207 1713 238 1768 10
247 1704 355 1769 omnia
388 1712 496 1767 autem
527 1702 671 1767 universi
705 1699 831 1766 incolae
860 1701 987 1789 collegii
1017 1702 1114 1770 deum
1140 1712 1229 1770 caste
1258 1726 1297 1769 ac
1330 1705 1385 1792 pie
1418 1703 1528 1771 colent
1554 1704 1658 1773 convo

244 1803 353 1868 niente
372 1802 499 1893 ratione
523 1800 774 1867 christianorum
799 1803 921 1868 rituum
942 1825 982 1868 ac
1002 1805 1269 1870 ceremoniarum.
1309 1803 1352 1870 ru
1380 1803 1532 1891 fecerint,
1559 1815 1658 1873 contu·

245 1902 358 1968 bernio
379 1903 559 1968 eiiciantur.

888 2022 1013 2105 Lexlll.

328 2137 378 2201 Ne
399 2137 470 2224 quis
490 2137 587 2201 iussis
608 2137 837 2223 magistrorum
857 2134 1024 2223 legittimis
1045 2137 1207 2224 refragari
1224 2158 1307 2203 neve
1327 2135 1549 2225 obiurgationi
1568 2138 1660 2207 rocla

208 2246 338 2302 ismaro
357 2257 439 2301 neve
461 2236 665 2322 castigationi
686 2236 782 2301 reniti
808 2235 937 2301 audeat.
979 2234 1045 2318 Qui
1065 2237 1187 2320 fecerit,
1208 2235 1388 2325 quadrante
1408 2236 1520 2304 florini
1539 2238 1660 2305 malote

247 2345 315 2418 tur,
344 2336 372 2400 si
399 2336 653 2423 protervitatem,
680 2334 899 2418 contumelias,
923 2334 1097 2403 maledicta
1121 2339 1305 2424 usurparit,
1332 2336 1455 2403 mulcta
1475 2347 1545 2405 tum
1566 2336 1659 2426 dupli·

249 2445 347 2501 cetur·
880 2540 950 2589 Lex
967 2538 1026 2589 111.

331 2652 526 2720 Cubiculum
548 2674 640 2717 suum
662 2674 801 2740 suasque
823 2652 951 2718 arculas
969 2653 1188 2741 unusquisque
1206 2653 1446 2740 inquilinorum,
1469 2656 1660 2744 amagisbo,

208 2754 342 2819 wcuius
364 2754 425 2818 erit
445 2752 570 2818 curatio
593 2753 662 2817 eius
683 2753 796 2838 pertis,
822 2753 856 2817 in
883 2774 948 2841 qua
969 2753 1033 2840 ipsi
1055 2752 1213 2819 habitatio
1236 2756 1403 2841 assignata
1424 2754 1539 2838 fuerit,
1564 2756 1659 2821 iussus

249 2875 285 2917 re
315 2852 498 2940 postulante
526 2853 665 2939 aperire,
696 2853 765 2916 sine
794 2852 997 2918 recusatione
1026 2851 1088 2918 hoc
1117 2854 1225 2920 facere
1253 2852 1358 2919 debet
1398 2852 1531 2920 Nolenti
1544 2854 1660 2921 „mulcta

251 2951 411 3018 indicetur
430 2951 539 3017 florini
558 2950 729 3017 dimidiati.

889 3104 959 3191 Lex
976 3104 1027 3155 IV.

333 3221 473 3287 Lumina
493 3221 528 3285 in
549 3218 705 3285 cubiculis
721 3219 868 3286 universi
887 3221 1064 3285 attentione
1084 3228 1116 3285 et
1136 3219 1353 3286 sollicitudine
1374 3244 1504 3288 summa
1522 3230 1659 3304 uacum

210 3332 292 3388 25ne
315 3320 525 3386 scintillantes
553 3318 711 3385 funiculos
733 3321 920 3406 pavimento
949 3318 1057 3406 ligneo
1085 3312 1251 3406 infligant;
1281 3319 1428 3407 similiter
1448 3331 1482 3388 et
1506 3321 1603 3410 lignis
1626 3319 1660 3387 sd

252 3420 471 3487 calefacienda
490 3418 659 3485 ‘conclavia
680 3428 811 3484 utantur
838 3419 933 3503 fissis,
961 3442 1027 3486 non
1056 3421 1237 3503 sarmentis,
1266 3422 1426 3509 atquem
1455 3421 1660 3490 odefaciendo

254 3530 347 3588 caute
369 3543 404 3587 sc
423 3528 553 3607 gerant3
574 3520 608 3584 in
629 3541 692 3607 quo
714 3519 770 3607 qui
791 3517 970 3607 deliquerit,
991 3519 1142 3584 mulctam
1166 3517 1270 3586 soluto
1288 3543 1479 3608 grossorum
1499 3524 1605 3589 trium.

899 3690 969 3738 Lex
987 3689 1021 3741 V.

335 3803 514 3893 Discipulis
543 3801 836 3886 contubernalibus,
866 3803 934 3869 sive
962 3804 997 3868 in
1023 3802 1232 3870 contubernio
1260 3804 1329 3869 sive
1358 3813 1453 3870 extra
1471 3803 1543 3872 lroc
1568 3803 1660 3871 cilium

212 3907 398 3994 3ocapiant,
420 3913 613 3993 pernoctare
634 3904 712 3969 foris
733 3902 902 3986 nonlicet,
924 3903 987 3967 nisi
1009 3902 1070 3969 hoc
1090 3912 1179 3969 certa
1199 3903 1240 3970 de
1262 3926 1363 3970 causa
1383 3914 1420 3970 ut
1441 3903 1555 3971 liceret
1574 3928 1595 3971 a
1614 3923 1660 3969 suc

254 4009 390 4096 quisque
421 4005 578 4091 magistro
610 4003 841 4090 impetraverit.
881 4000 1153 4088 Delinquentibus
1184 4005 1218 4068 in
1248 4003 1310 4070 hoc
1339 4003 1461 4070 mulcta
1491 4007 1660 4093 imponatur

254 4106 360 4194 grossi
380 4105 484 4188 unius,
511 4105 575 4169 nisi
600 4103 741 4168 ministri
761 4103 891 4167 frrerint.
931 4102 969 4166 In
997 4100 1056 4167 hos
1079 4103 1164 4167 enim
1191 4103 1232 4169 ob
1260 4103 1323 4168 hoc
1350 4102 1505 4170 delictum
1527 4100 1660 4171 animul-

253 4206 360 4273 versio
382 4212 519 4293 quatuor
542 4204 771 4289 magistrorum
792 4201 966 4267 arbitraria
984 4201 1055 4270 crit.

895 4371 964 4421 Lex
981 4370 1033 4423 vl.

213 4501 247 4558 35
336 4488 511 4568 Rixarum,
539 4486 815 4567 criminationum,
843 4484 1087 4551 maledictorum
1115 4487 1198 4552 inter
1225 4485 1404 4574 discipulos
1430 4484 1660 4553 contubernales

254 4589 375 4656 mulcta
402 4594 470 4652 esto
499 4608 684 4673 grossorum
711 4584 864 4669 duorum,
894 4584 951 4651 scd
974 4584 1248 4669 contumeliarum,
1268 4586 1501 4669 infamationis,
1522 4585 1659 4674 pulsatio

255 4713 332 4754 num
360 4687 505 4753 facinora
533 4684 678 4772 praesidi
699 4685 855 4772 primario
876 4686 1026 4773 primum,
1047 4684 1172 4768 deinde,
1203 4686 1231 4751 si
1256 4707 1389 4753 necesse
1417 4686 1532 4769 fuerit,
1557 4680 1659 4752 rectori

256 4787 477 4854 universitatis
497 4794 629 4851 nostrae
646 4783 841 4850 indicantur.

886 4938 956 4988 Lex
972 4937 1041 4990 VII.

217 5066 251 5122 lc
343 5052 497 5137 Studiosi,
523 5052 682 5119 bonarum
703 5052 821 5117 artium
849 5073 947 5117 causa
967 5052 1165 5139 congregati,
1193 5050 1236 5116 ad
1261 5047 1393 5117 diversa
1414 5072 1487 5117 sese
1509 5048 1658 5140 applicare

258 5176 324 5221 non
346 5153 473 5237 debent,
502 5174 575 5219 cum
593 5152 753 5240 imperitis
781 5151 908 5236 harum,
931 5150 1106 5236 dissolutis,
1132 5150 1304 5238 flagitiosis
1329 5172 1371 5217 ne
1398 5152 1655 5228 commisceantur,
