3810 6150
259 525 268 535 ,
354 460 416 525 224
926 458 981 508 Das
998 456 1087 506 hlaine
1105 455 1209 519 colleg.

261 594 296 651 Ξ.

270 654 273 659 ’
291 666 327 729 it

353 822 394 886 11.
426 817 514 884 ons
536 818 704 883 mame
727 800 1417 985 FllRSTgllfflLliffigfflssLmfflM
1438 815 1589 900 nmine,
1617 815 1782 884 comn-

433 1107 454 1156 l.
472 1103 683 1155 AELTESTES
702 1102 1001 1162 srnrnrssnnncfl,
1019 1103 1086 1153 ΜΙΤ
1104 1093 1290 1154 zushrzun
1307 1103 1364 1154 ms
1381 1101 1456 1154 ZUM
1473 1103 1589 1154 innan
1608 1103 1695 1154 1440.ι

808 1263 868 1354 [Bl.
894 1263 942 1354 1⁸]
965 1284 1123 1335 ererum
1146 1285 1321 1335 conunen.

309 1414 326 1468 5
436 1408 464 1467 1.
486 1392 810 1511 Sntutun'primun
832 1407 881 1463 est
901 1398 1004 1464 istud:

439 1498 584 1580 Quilibet
605 1498 645 1563 de
657 1492 751 1564 *novo
773 1507 960 1583 assumptus
981 1499 1015 1562 in
1036 1498 1193 1586 collegam
1214 1498 1342 1585 collegii
1362 1507 1490 1564 tenetur
1503 1499 1611 1562 iurare
1631 1493 1666 1560 in
1687 1513 1782 1580 prae

353 1602 457 1665 sentia
490 1597 617 1682 collegii
647 1596 707 1661 sub
736 1595 798 1660 hac
826 1596 947 1661 forma:
984 1595 1078 1682 „Ego
1110 1598 1159 1663 .N.
1187 1601 1268 1680 iuro,
1298 1597 1386 1683 quod
1419 1597 1461 1662 ab
1489 1596 1551 1660 hac
1577 1595 1661 1661 hora
1688 1602 1721 1657 et
1747 1592 1783 1655 in

353 1708 529 1787 posterum,
557 1695 713 1784 quamdiu
740 1693 921 1759 membrum
951 1695 1078 1780 collegii
1108 1698 1209 1780 fuero,
1236 1696 1335 1761 velim
1359 1721 1431 1763 esse
1457 1695 1563 1763 fidelis
1590 1691 1727 1778 collegio
1750 1699 1783 1754 et

353 1819 485 1864 servare
507 1803 628 1860 statuta
648 1803 680 1857 et
700 1791 882 1874 statuenda,
910 1815 994 1879 quae
1015 1804 1141 1860 suntet
1162 1806 1256 1861 erunt
1277 1796 1455 1862 secundum
1475 1796 1632 1860 maiorem
1653 1799 1783 1879 partem

311 1911 343 1965 10
353 1897 480 1983 collegii
504 1892 697 1981 approbata.
740 1891 784 1956 Et
813 1892 965 1978 promitto
987 1891 1168 1976 bonafide,
1197 1894 1283 1981 quod
1306 1894 1405 1961 velim
1426 1895 1539 1959 venire
1560 1889 1604 1957 ad
1623 1911 1781 1957 convoca·

351 1999 471 2063 tionem
494 1993 672 2081 praepositi
694 1992 728 2055 in
749 1991 844 2055 factis
866 1990 1005 2076 collegii,
1027 1993 1310 2080 quocienscunque
1331 1994 1421 2059 firero
1441 2014 1501 2080 per
1516 1988 1656 2057 eundem
1674 1988 1781 2074 requi-

351 2098 447 2177 situs,
477 2103 509 2158 et
539 2089 626 2178 quod
656 2098 782 2154 secreta
814 2087 957 2175 collegii,
989 2112 1049 2176 per
1076 2093 1298 2178 praepositum
1324 2091 1424 2158 michi
1453 2089 1593 2172 indicta,
1612 2085 1719 2169 ,velim
1747 2086 1783 2150 in

353 2203 478 2260 secreto
510 2212 642 2255 servare
671 2197 704 2253 et
730 2186 794 2253 sibi
823 2189 857 2252 in
883 2189 978 2253 factis
1007 2188 1135 2275 collegii
1164 2189 1307 2257 consiliis
1334 2201 1367 2256 et
1394 2188 1525 2256 auxiliis
1555 2186 1696 2255 fideliter
1721 2207 1782 2272 pro
1834 2183 1841 2198 ⁸

354 2312 451 2380 posse
481 2298 605 2371 astare,
636 2297 667 2352 et
695 2291 722 2352 si
753 2286 895 2373 aliquam
923 2288 1166 2352 contentionem
1195 2287 1361 2354 verbalem
1390 2290 1553 2373 continget
1580 2307 1632 2352 me
1659 2283 1783 2352 habere

313 2403 344 2457 15
358 2412 432 2455 cum
461 2386 568 2473 aliquo
596 2387 827 2470 magistrorum
856 2384 897 2450 de
925 2384 1062 2470 collegio
1089 2386 1144 2450 vel
1170 2388 1346 2474 magistris,
1371 2385 1471 2453 velim
1499 2396 1586 2451 stare
1613 2384 1784 2452 dictamini

352 2489 481 2574 collegii
502 2485 608 2572 partis
629 2485 794 2549 maioris.“

435 2592 464 2653 2.
485 2585 567 2650 Item
588 2581 726 2668 quilibet
746 2585 913 2669 magister,
936 2584 1108 2670 collegium
1123 2585 1235 2650 exiens
1256 2607 1316 2672 per
1336 2592 1471 2650 mortem
1484 2583 1537 2650 vel
1559 2605 1619 2670 per
1636 2581 1782 2668 resigna·

354 2689 480 2754 cionem
508 2682 561 2747 vel
593 2681 676 2747 elias
707 2679 922 2769 qualicunque
948 2682 1056 2765 modo,
1089 2682 1223 2748 habebit
1252 2695 1429 2770 proventus
1457 2681 1655 2770 principales
1681 2679 1783 2747 medii

354 2786 440 2867 anni,
468 2780 587 2868 quibus
613 2779 825 2866 proventibus
853 2783 1010 2866 magister
1038 2781 1101 2846 sibi
1128 2782 1307 2865 succedens
1335 2804 1395 2870 pro
1423 2783 1530 2869 primo
1559 2779 1666 2846 medio
1695 2800 1782 2847 anno

311 2881 490 2962 merebit,
513 2888 545 2944 et
565 2881 599 2943 in
621 2881 711 2943 exitu
733 2900 790 2943 suo
814 2877 887 2943 illos
907 2890 1084 2965 proventus
1105 2880 1286 2946 rehabebit.

435 2987 463 3048 3.
485 2975 546 3066 [Bi
568 2973 611 3064 lb]
640 2977 722 3042 Item
744 2975 882 3063 quilibet
900 2980 1075 3044 novissime
1096 2979 1270 3066 collegium
1291 2982 1417 3045 intrans
1439 2979 1474 3043 in
1496 2977 1610 3044 ordine
1630 2975 1782 3065 collegia·

350 3093 455 3148 torum
476 3077 607 3144 ultimus
630 3077 757 3142 existet
826 3122 829 3127 ·
1176 3124 1179 3131 ,

438 3186 468 3246 4.
496 3177 578 3241 Item
606 3172 742 3262 quilibet
769 3173 810 3239 de
840 3196 926 3240 novo
954 3178 1080 3242 intrans
1110 3176 1279 3262 collegium
1310 3175 1404 3241 dabit
1431 3174 1475 3242 ad
1497 3174 1611 3241 fiscum
1636 3172 1783 3240 eiusdem

351 3300 451 3345 unum
471 3274 640 3341 florenum.

310 3388 344 3445 25
436 3383 464 3442 5.
494 3374 577 3438 Item
597 3370 741 3456 quilibet,
770 3372 825 3458 qui
847 3395 1046 3459 perannum
1075 3375 1109 3437 in
1137 3372 1273 3459 collegio
1300 3373 1398 3439 fuerit
1425 3382 1457 3437 et
1484 3394 1550 3438 non
1577 3372 1780 3459 praeposita·

352 3475 445 3555 verit,
468 3494 568 3559 quum
590 3492 649 3557 per
670 3468 808 3535 liberam
829 3472 1086 3557 resignacionem
1106 3472 1159 3536 vel
1181 3495 1239 3558 per
1261 3482 1397 3537 mortem
1417 3470 1471 3536 vel
1493 3470 1536 3536 ad
1557 3470 1696 3545 alterum
1717 3468 1782 3536 col·

357 3574 478 3660 legium
500 3593 560 3657 per
581 3567 769 3634 electionem
791 3568 843 3633 vel
871 3569 952 3635 alias
980 3569 1196 3657 qualicunque
1217 3571 1312 3637 modo
1333 3572 1424 3636 exire
1448 3570 1635 3657 contigerit,
1661 3571 1696 3634 in
1717 3591 1783 3635 una

355 3691 521 3757 sexagena
540 3688 700 3732 novorum
722 3688 910 3751 grossorum
930 3669 1066 3756 collegio
1090 3693 1124 3734 se
1146 3679 1259 3735 noscat
1280 3668 1467 3755 obligatum.

436 3775 466 3836 6.
488 3769 570 3833 Item
593 3764 729 3851 quilibet
749 3766 915 3850 magister,
937 3767 977 3832 de
998 3790 1083 3834 novo
1100 3766 1288 3834 subintrans
1304 3767 1485 3853 collegium,
1508 3778 1681 3858 antequam
1701 3790 1781 3855 gau·

310 3869 442 3938 sedebit
463 3867 504 3932 de
525 3863 684 3930 fluetibus
700 3862 827 3949 collegii
849 3874 881 3930 et
897 3866 1084 3949 commodis,
1106 3867 1210 3932 solvet
1229 3889 1346 3932 novem
1367 3867 1509 3934 florenos
1529 3889 1682 3934 renenses
1702 3866 1781 3932 boni

352 3966 506 4057 ponderis
539 3973 570 4028 et
603 3972 669 4027 tres
703 3961 843 4028 florenos
879 3963 1066 4052 praedictae
1098 3975 1247 4030 monetae
1278 3988 1339 4052 pro
1370 3977 1549 4049 structura,
1582 3988 1661 4051 quos
1692 3963 1782 4030 idem

353 4068 465 4133 exiens
495 4065 530 4128 in
559 4084 617 4127 suo
645 4062 737 4126 exitu
764 4062 952 4146 rehabebit,
980 4064 1083 4150 priori
1113 4073 1235 4130 statuto
1265 4088 1329 4130 non
1359 4066 1523 4149 obstante,
1551 4064 1638 4154 quod
1663 4063 1782 4130 futuris

356 4162 558 4252 temporibus
586 4167 697 4247 posset
719 4159 835 4226 cedere
857 4164 1023 4247 magistris
1046 4162 1273 4249 praesentibus
1299 4166 1333 4229 in
1360 4166 1540 4249 graciam23
1568 4175 1601 4229 et
1627 4184 1781 4250 praescn-

431 4432 443 4483 1
465 4427 526 4483 Nur
544 4422 736 4480 abachriftlich
755 4425 785 4480 in
803 4425 925 4483 Miiller's
943 4427 1100 4484 Delineatio
1122 4429 1150 4486 S.
1172 4432 1184 4484 1
1204 4429 1245 4500 fg.
1265 4428 1398 4486 erhalten.
1417 4430 1481 4502 Vgl.
1501 4427 1637 4487 Urkundl
1655 4427 1783 4500 Qnellen,

353 4515 383 4572 S.
397 4518 445 4568 754
457 4511 497 4583 fg.
514 4510 562 4565 Da
572 4508 673 4565 Miller
688 4509 734 4566 die
745 4511 913 4567 Blattseiten
924 4511 973 4567 des
985 4511 1126 4584 Originals
1139 4512 1291 4584 angeriihrt
1302 4513 1361 4583 het,
1377 4531 1407 4569 so
1420 4513 1542 4570 konnten
1554 4510 1695 4568 dieselben
1706 4513 1782 4569 euch

357 4598 395 4652 im
413 4593 566 4651 Abdmcke
589 4591 752 4665 eugegeben
772 4594 889 4650 werden.
918 4593 1020 4649 Miiller
1035 4593 1086 4650 hat
1102 4593 1261 4668 flberhaupt
1277 4596 1330 4653 viel
1347 4595 1525 4668 sorgfa‘ltiger
1539 4593 1723 4666 geschrieben
1740 4597 1782 4654 als

356 4679 454 4750 Vogel,
476 4677 544 4734 aber
562 4676 608 4731 die
624 4676 819 4751 Enteiflerung
834 4678 884 4734 der
906 4678 982 4733 alten
1000 4678 1211 4750 Ahkiirzungen
1233 4679 1341 4736 scheint
1363 4679 1420 4735 ihm
1443 4678 1516 4735 noch
1536 4678 1616 4736 mehr
1632 4679 1718 4737 Mene
1735 4696 1783 4754 ge-

354 4761 448 4818 macht
465 4779 501 4816 au
517 4759 607 4816 haben
625 4761 666 4816 als
683 4762 793 4818 diesem.
830 4761 993 4818 Auffnllend
1010 4763 1053 4827 ist,
1074 4762 1140 4817 dees
1157 4763 1284 4821 offenber
1300 4765 1350 4820 der
1366 4763 1494 4836 Eingang
1509 4761 1588 4820 fehlt
1621 4764 1711 4820 Solita
1727 4771 1783 4822 est

354 4845 453 4902 Miiller
470 4844 621 4901 denselben
638 4845 823 4916 fortgelassen
839 4845 950 4902 haben?
983 4846 1038 4902 Die
1055 4846 1233 4921 Beaifferung
1251 4850 1289 4904 ist
1305 4866 1359 4904 von
1375 4849 1435 4904 mir.
1464 4852 1490 4901 ε

432 4933 448 4984 2
466 4927 567 4984 umes
583 4929 689 4984 ronne
709 4928 760 4982 eas
776 4928 837 4985 nor
855 4929 987 4986 senense
1004 4931 1088 4987 uon
1106 4929 1186 4987 nen
1208 4932 1298 5002 esen,
1322 4948 1353 4986 e
1369 4929 1419 4986 uae
1434 4916 1594 4988 camene
1611 4931 1780 4989 raineco-
1843 4945 1846 4952 ·

353 5029 434 5153 paug
450 5011 593 5152 ‹liessellpen
617 5011 749 5084 gegeben,
766 5030 816 5068 aue
835 5013 884 5069 der
902 5012 949 5070 ich
972 5032 1026 5071 nur
1042 5014 1087 5071 die
1111 5015 1139 5070 in
1162 5016 1215 5071 den
1232 5015 1303 5072 Text
1325 5019 1466 5085 gesetrtm
1484 5015 1582 5072 Worte
1605 5017 1635 5071 in
1656 5021 1781 5088 morian

372 5113 453 5153 emus
464 5112 528 5152 esen
565 5111 647 5152 ann.⁴
1217 5136 1222 5143 ·
