3756 6158
352 470 412 537 616
848 469 898 521 Die
916 471 1102 522 medicinisohe
1119 470 1245 524 Faculstt

353 675 521 718 renensem
542 652 592 717 vel
621 653 852 741 aequipollens,
875 662 906 716 et
928 675 986 717 sex
1009 653 1148 718 florenos
1168 676 1330 738 renenses,
1353 677 1433 743 quos
1456 653 1604 720 dedisset
1626 677 1688 742 pro
1710 677 1783 720 exa·

353 755 453 833 mine,
486 754 513 816 si
544 752 658 817 fuisset
688 752 741 817 hic
772 761 953 840 promotus,
985 751 1171 818 doctoribus
1202 753 1317 820 solvat.
1360 755 1441 819 Item
1469 752 1553 819 duos
1581 753 1725 820 florenos
1752 755 1783 820 in

352 874 430 918 auro
452 874 604 917 renenses
625 852 704 917 fisco
726 853 887 917 facultatis
912 852 1022 916 statim
1042 862 1203 917 numeret.
1242 852 1316 919 Non
1337 853 1434 919 debet
1455 854 1555 918 etiam
1583 852 1706 940 aliquis
1730 876 1782 919 ex·

352 962 483 1016 traneus
505 950 738 1016 baccalaureus
760 953 940 1017 medicinae
963 951 1089 1015 adsumi
1111 950 1155 1016 ad
1175 960 1320 1016 nostram
1342 951 1531 1018 facultatem
1553 952 1653 1019 huius
1674 952 1782 1036 studii,

311 1061 327 1114 t
352 1051 414 1114 nisi
437 1051 528 1136 prius
549 1050 738 1115 matriculae
758 1051 979 1117 universitatis
1000 1051 1098 1114 fuerit
1119 1051 1296 1137 inscriptus
1318 1061 1350 1117 et
1371 1051 1483 1117 decem
1508 1074 1644 1138 grossos
1666 1053 1783 1118 rectori

351 1159 499 1236 tempore
519 1150 754 1238 adsumptionis
777 1152 903 1236 integre
926 1149 1066 1214 solverit.
1105 1149 1149 1214 Et
1175 1150 1237 1216 hoc
1267 1152 1364 1216 etiam
1389 1150 1589 1238 intelligatur
1619 1151 1661 1217 de
1689 1151 1782 1217 licen·

353 1250 444 1313 tiatis
467 1257 499 1313 et
521 1247 707 1313 doctoribus
730 1248 808 1314 alibi
829 1251 986 1336 promotis
1009 1260 1041 1313 et
1061 1249 1114 1314 hio
1137 1249 1353 1316 adsumendis.

436 1353 464 1416 3.
486 1348 656 1413 Promotus
684 1350 718 1412 in
745 1347 994 1413 baccalaureum
1015 1349 1196 1414 medicinae
1222 1351 1257 1413 in
1284 1350 1350 1415 alia
1377 1351 1599 1434 universitate,
1629 1351 1781 1416 affectans

358 1449 461 1535 recipi
483 1447 526 1512 ad
547 1446 734 1512 facultatem
754 1456 908 1535 tanquam
929 1446 1170 1530 baccalaureus,
1193 1446 1353 1513 tenebitur
1375 1458 1449 1514 ante
1471 1451 1588 1533 omnia,
1611 1459 1782 1539 antequam

314 1558 346 1613 10
356 1549 542 1634 recipiatur,
572 1546 689 1612 docere
718 1545 759 1610 de
781 1569 838 1611 suo
866 1544 1116 1612 baccalaureatu
1146 1570 1205 1635 per
1227 1549 1420 1613 autenticam
1443 1571 1551 1632 suam3
1580 1548 1703 1615 deinde
1725 1549 1781 1614 sub

354 1647 462 1735 aliquo
492 1645 624 1712 doctore
652 1645 881 1711 determinabit
910 1647 1129 1731 quaestionem
1152 1646 1385 1729 medicinalem,
1414 1646 1458 1712 ad
1485 1670 1584 1733 quam
1607 1648 1781 1736 responde·

352 1745 400 1811 bit
427 1746 532 1810 eidem
561 1745 685 1812 doctori
712 1755 743 1811 et
770 1745 842 1809 aliis
871 1743 1051 1809 medicinae
1079 1744 1303 1812 baccalaureis
1331 1748 1378 1811 et¹
1409 1746 1613 1813 scholaribus
1646 1769 1782 1836 arguere

353 1844 546 1910 volentibus.

434 1951 462 2011 4.
490 1946 571 2010 Item
603 1945 723 2010 iurabit
753 1942 1005 2026 baccalaureus,
1034 1944 1068 2007 in
1100 1944 1166 2009 alia
1197 1945 1409 2012 universitate
1442 1956 1623 2034 promotus,
1660 1945 1782 2013 decano

314 2045 515 2112 ttfacultatis
537 2045 683 2111 medicae
705 2045 764 2111 sub
787 2043 935 2132 sequenti
955 2044 1077 2109 forma:

948 2194 1186 2243 maanuuuuu.

433 2293 526 2380 „Ego
556 2295 602 2361 .N.
635 2297 706 2359 iuro
735 2293 828 2359 vobis
860 2293 982 2358 decano
1011 2295 1193 2381 vestrisque
1226 2292 1469 2358 successoribus
1493 2292 1724 2360 ‘obedientiam
1754 2304 1784 2360 et

351 2395 567 2458 reverentiam
587 2396 621 2459 in
642 2393 738 2458 licitis
762 2404 793 2458 et
814 2393 967 2475 honestis,
994 2402 1026 2457 et
1053 2392 1136 2458 velle
1158 2414 1335 2480 procurare
1357 2391 1475 2458 bonum
1504 2393 1673 2460 facultatis
1700 2397 1782 2460 eius-

353 2493 435 2575 dem,
463 2495 511 2557 et²
534 2491 714 2575 statuenda,
743 2503 922 2578 quaesunt
949 2501 981 2556 et
1007 2501 1100 2556 erunt
1126 2514 1185 2578 pro
1213 2491 1297 2557 bono
1325 2491 1490 2556 facultatis
1517 2493 1707 2580 approbata
1735 2494 1783 2559 vel

310 2591 576 2679 wapprobanda,
597 2615 657 2679 pro
680 2615 776 2678 posse
798 2614 880 2673 meo,
901 2591 944 2656 ad
967 2613 1190 2679 quemcunque
1213 2600 1329 2656 statum
1352 2590 1521 2656 devenero.
1553 2592 1610 2657 Sic
1632 2615 1686 2657 me
1707 2592 1782 2659 deus

353 2691 486 2756 adiuvet
508 2702 540 2756 et
562 2700 674 2757 sancta
696 2693 764 2756 eius
787 2690 987 2777 evangelia.“

441 2841 620 2907 Tenebitur
642 2843 739 2907 etiam
761 2841 994 2907 baccalaureus
1022 2839 1101 2905 alibi
1129 2849 1306 2928 promotus,
1334 2841 1411 2926 quia
1438 2840 1597 2906 scholaris
1627 2854 1782 2924 censetur,

353 2942 538 3008 doctoribus
560 2941 706 3006 eiusdem
732 2941 896 3007 facultatis
923 2952 1069 3028 tempore
1091 2941 1281 3026 congruenti
1307 2949 1339 3004 et
1366 2939 1438 3005 loco
1466 2939 1613 3005 debitam
1636 2965 1781 3008 reveren·

352 3044 433 3108 tiam
456 3052 487 3106 et
510 3041 664 3107 honorem
684 3042 884 3128 impendere.

310 3214 344 3273 25
798 3205 859 3293 [Bl.
879 3205 931 3295 6.]
954 3224 1153 3273 n1currc1ar1
1175 3222 1337 3271 nuruum.

810 3343 915 3407 cipue
933 3345 1049 3394 xv111.
1076 3344 1147 3407 (νει.
1166 3345 1188 3393 o.
1210 3343 1246 3392 so.
1267 3343 1319 3401 37.)

434 3459 646 3538 Licentiatus,
669 3460 701 3522 in
724 3458 790 3523 alia
811 3459 1022 3522 universitate
1044 3466 1219 3542 promotus,
1243 3456 1285 3521 ad
1312 3466 1457 3521 nostram
1477 3457 1668 3522 facultatem
1690 3459 1776 3524 huius

353 3558 450 3623 studii
472 3558 672 3645 adsumptus,
696 3557 786 3621 dabit
807 3556 937 3620 famulis
958 3557 1178 3621 universitatis
1201 3556 1281 3621 duos
1302 3555 1440 3621 florenos
1464 3580 1618 3622 remenses
1639 3568 1778 3645 ternpore

352 3680 430 3722 suae
450 3658 698 3744 adsumptionis.
741 3656 884 3720 Tenetur
906 3657 1001 3720 etiarn
1029 3655 1169 3742 probare
1191 3677 1250 3740 per
1276 3678 1367 3719 suam
1392 3660 1603 3742 autenticam,
1630 3681 1666 3722 se
1688 3658 1778 3723 liceu-

311 3758 469 3822 30tiatum
489 3758 523 3820 in
545 3756 713 3822 medicinis
735 3778 814 3819 esse.

437 3856 482 3919 Et
512 3858 676 3942 promittat
708 3857 800 3923 iuxta
830 3856 941 3940 priora
973 3863 1094 3918 statuta
1122 3852 1162 3916 de
1191 3851 1414 3919 baccalaureis
1445 3858 1606 3939 externis,
1640 3882 1676 3924 se
1703 3858 1778 3923 velle

354 3978 530 4042 procurare
553 3954 673 4019 bonum
700 3954 862 4019 facultatis
891 3953 1045 4034 medicae,
1074 3951 1117 4015 ad
1144 3975 1364 4041 quemcunque
1391 3964 1511 4019 statum
1540 3955 1722 4039 devenerit,
1751 3970 1779 4021 et

356 4054 431 4136 alia,
454 4077 537 4139 quae
558 4065 753 4119 concernunt
774 4053 928 4118 honorem
949 4063 982 4116 et
1002 4051 1122 4116 bonum
1145 4060 1263 4115 statum
1284 4053 1426 4117 eiusdem
1448 4055 1625 4120 facultatis
1648 4057 1693 4122 Et.
1713 4058 1778 4123 loco

354 4164 386 4218 et
406 4163 551 4240 tempore
582 4155 770 4239 congruenti
790 4154 887 4217 etiam
911 4151 1034 4220 decano
1055 4149 1253 4238 reliquisque
1282 4151 1466 4217 doctoribus
1496 4154 1664 4221 facultatis
1691 4181 1777 4222 reve·

312 4263 345 4319 3⁵
355 4255 493 4317 rentiam
515 4275 554 4317 ac
575 4251 717 4317 debitum
745 4252 900 4317 honorem
924 4250 1100 4338 inpendere
1123 4249 1228 4315 debet.
1271 4249 1425 4336 Adeoque
1446 4251 1620 4319 duodecim
1644 4255 1778 4322 florenos

357 4351 543 4418 doctoribus
566 4375 626 4439 pro
647 4375 778 4418 munere
799 4350 891 4415 dabit
913 4352 947 4414 in
969 4374 1059 4416 auro.

881 4535 1066 4584 DOCTORES
1088 4535 1253 4582 EXTERNI.

833 4655 938 4719 Caput
956 4655 1035 4706 XIX.
1054 4655 1125 4718 (Vgl.
1143 4657 1166 4704 a.
1187 4653 1225 4703 St.
1244 4653 1297 4714 38.)

444 4775 467 4833 l.
489 4767 670 4834 Medicinae
691 4770 803 4835 doctor
825 4780 986 4852 externus,
1013 4771 1046 4834 in
1069 4768 1134 4834 alia
1156 4769 1324 4834 academia
1346 4781 1528 4852 coronatus,
1551 4772 1580 4835 si
1604 4771 1778 4858 desyderat

317 4875 352 4930 lo
361 4866 463 4952 recipi
486 4867 528 4931 ad
549 4868 744 4950 facultatem,
773 4871 877 4955 primo
900 4868 996 4934 debet
1017 4868 1132 4933 docere
1154 4892 1213 4955 per
1237 4871 1432 4933 autenticam
1453 4892 1553 4951 suam,
1577 4871 1611 4933 in
1633 4894 1698 4958 qua
1717 4894 1776 4935 mo·

358 4962 419 5028 dus
442 4989 520 5030 suae
543 4970 753 5053 promotionis
777 4969 965 5049 continetur,
989 4967 1028 5031 dc
1051 4967 1221 5032 doctoratu
1242 4989 1311 5032 suo.

439 5154 449 5202 l
469 5154 494 5200 et
510 5145 585 5202 fehlt.
621 5153 636 5203 2
653 5147 735 5203 Auch
752 5147 812 5203 hier
828 5147 865 5202 ist
882 5166 992 5204 savaro
1003 5154 1055 5204 ete.
1073 5148 1257 5220 ausgelsssen
1280 5148 1344 5220 Vgl.
1358 5147 1402 5202 die
1415 5147 1545 5204 statutas
1556 5166 1613 5205 rou
1630 5155 1695 5208 150³
1712 5153 1775 5218 oto.
