3756 6158
244 480 306 543 494
555 499 558 505 ·
740 482 790 530 Die
811 481 1029 546 philosophische
1046 482 1172 535 recurat.

294 700 342 760 12.
364 711 505 772 Qunnro
529 701 692 759 rampone
713 712 920 763 sxrnsnaus
943 714 1099 762 sannaus
1118 715 1314 762 inuramus
1335 715 1427 762 nura
1450 714 1624 762 ascerus-

695 813 836 860 ansruu
856 780 915 859 mo
938 814 1046 860 srnaa
1068 813 1218 859 naaasr.

325 925 438 990 Nullus
461 926 637 991 adveniens
658 928 700 991 de
721 927 785 992 alia
810 929 1023 992 universitate
1047 927 1089 991 ml
1116 937 1260 992 nostram
1288 929 1475 1016 promoveri
1504 927 1604 992 debet
1631 926 1673 992 ad

244 1025 382 1110 gradum
412 1024 658 1109 baccalariatus,
687 1030 749 1091 nisi
779 1029 870 1113 prius
901 1028 1026 1091 steterit
1054 1028 1087 1090 in
1113 1029 1191 1091 ista¹
1215 1029 1424 1092 universitate
1448 1051 1507 1114 per
1530 1027 1672 1091 medium

201 1134 218 1188 5
245 1148 374 1206 annum,
401 1134 432 1188 et
452 1125 628 1190 dummodo
650 1127 845 1192 sufficientes
864 1127 1108 1190 informationes
1129 1128 1242 1191 feeerit
1264 1127 1304 1191 de
1326 1126 1490 1192 auditione
1512 1126 1673 1191 librorum

244 1247 304 1309 pro
324 1223 430 1308 gradu
450 1226 483 1287 in
504 1225 568 1288 alia
590 1225 809 1289 universitate.

243 1477 246 1484 ¹
279 1409 327 1471 13.
349 1423 491 1483 QUANTO
513 1423 676 1471 TEMPORE
699 1423 870 1471 ALTERIUS
893 1424 1154 1472 UNIVERSITATIS
1175 1422 1410 1472 arcessamus
1428 1427 1523 1474 ANTE
1548 1426 1641 1474 SUUH

607 1521 847 1571 Mnfflsrsamu
868 1525 904 1570 IN
926 1521 1003 1570 ISTA
1023 1523 1132 1571 STARE
1154 1523 1301 1591 Danaas.

327 1636 442 1702 Nullus
475 1637 679 1716 baccalarius
711 1640 842 1703 veniens
874 1638 915 1702 de
948 1637 1013 1702 alia
1040 1637 1250 1702 universitate
1283 1641 1469 1725 promoveri
1499 1639 1602 1704 debet
1633 1639 1672 1704 sd

207 1747 237 1802 to
248 1735 385 1822 gradum
406 1737 585 1822 magisterii
606 1739 639 1815 in
660 1737 795 1819 artibus,
815 1739 877 1801 nisi
899 1740 990 1824 prins
1012 1739 1137 1801 steterit
1157 1739 1190 1800 in
1212 1739 1276 1802 ista
1296 1741 1508 1804 universitate
1523 1738 1672 1804 ariminus

245 1859 304 1923 per
320 1835 489 1899 dimidium
506 1859 634 1920 annum,
658 1846 690 1900 et
711 1836 882 1917 dummodo
904 1835 1099 1902 sufficientes
1120 1837 1364 1902 informationes
1382 1838 1499 1904 feeerit
1521 1838 1563 1903 de
1585 1838 1672 1904 audi·

246 1936 333 2000 tione
353 1934 510 2000 librorum
530 1958 591 2021 pro
612 1937 801 2021 magisterio
822 1937 856 1999 in
878 1935 943 2000 alia
962 1936 1184 2000 universitate.

297 2123 345 2184 11.
366 2135 413 2181 ns
437 2133 730 2182 aaaronsronmus
752 2124 1068 2183 raouovsrmoauu
1090 2135 1161 2182 rau
1181 2134 1506 2187 nnnrsrasnnonurr
1528 2139 1625 2200 Quiri

760 2217 1152 2293 nicomiamuoauu}

209 2361 238 2414 15
330 2347 446 2415 Nullus
468 2349 658 2414 admittatur
685 2347 728 2414 ad
754 2358 952 2435 temptamen
979 2372 1038 2435 pro
1061 2349 1168 2435 gradu
1190 2351 1369 2435 magisterii
1390 2351 1425 2415 in
1446 2351 1586 2436 artibus,
1613 2354 1670 2418 nisi

251 2449 293 2514 ad
314 2450 421 2512 minus
445 2460 558 2536 quater
579 2448 623 2512 ad
651 2458 761 2534 partes
788 2447 985 2535 principales
1011 2458 1043 2512 et
1064 2448 1115 2513 bis
1137 2448 1180 2513 ad
1207 2459 1316 2535 partes
1338 2451 1445 2515 minus
1474 2451 1670 2538 principales

249 2547 423 2630 ordinarie,
441 2559 473 2612 et
482 2547 616 2613 totidem
629 2546 888 2611 extraordinarie
898 2548 1074 2633 magistris,
1088 2546 1236 2634 aquibus
1248 2547 1321 2612 talis
1335 2546 1386 2634 [35
1392 2545 1418 2637 b]
1431 2552 1603 2635 responsio
1614 2550 1670 2615 sibi

251 2648 417 2732 assignata
438 2647 549 2730 fuerit,
576 2645 795 2732 responderit,
824 2647 871 2710 ita
892 2646 979 2734 quod
1000 2669 1020 2710 a
1040 2647 1200 2733 principio
1221 2669 1324 2734 usque
1346 2647 1389 2712 ad
1410 2648 1508 2712 finem
1532 2648 1669 2736 disputa·

252 2749 351 2811 tionis
378 2744 500 2810 ibidem
532 2747 763 2832 permanserit,
793 2746 861 2809 sine
891 2767 991 2809 causa
1017 2745 1202 2810 rationabili
1229 2768 1292 2810 non
1321 2745 1514 2815 recedendo.
1555 2748 1669 2813 Bacca·

208 2844 418 2910 bolariandus
447 2867 525 2909 vero
552 2844 604 2909 bis
634 2845 800 2929 magistris
830 2854 862 2908 et
892 2846 1009 2909 totiens
1039 2844 1234 2910 baccalariis
1263 2844 1307 2908 ad
1337 2855 1450 2931 partes
1478 2847 1669 2934 principales

250 2944 367 3010 debeat
388 2943 611 3031 respondisse,
640 2944 682 3008 ad
710 2955 820 3030 partes
843 2952 950 3008 autem
970 2946 1077 3009 minus
1100 2942 1299 3031 principales
1320 2954 1434 3031 quater
1455 2949 1624 3033 magistris
1643 2956 1670 3010 et

250 3054 363 3131 quater
391 3042 584 3109 baccalariis
612 3054 738 3108 tenetur
762 3053 793 3107 et
821 3042 917 3107 debet
941 3044 1158 3130 respondisse,
1185 3043 1267 3108 alias
1288 3043 1332 3107 ad
1360 3067 1500 3109 examen
1529 3070 1594 3112 rron
1620 3045 1668 3110 ad·

249 3145 404 3207 mittatur.
441 3142 486 3206 Et
507 3141 611 3208 idem³
636 3142 870 3229 respondentes
892 3165 912 3206 a
932 3143 1093 3229 principio
1122 3165 1223 3230 usque
1252 3142 1420 3207 adfinem
1447 3144 1669 3231 disputationis

249 3253 417 3324 maneant,
452 3243 521 3306 sine
547 3262 647 3306 causa
675 3239 861 3306 rationabili
893 3264 957 3305 non
987 3241 1184 3325 recedend03
1217 3244 1272 3328 qui
1305 3244 1333 3307 si
1366 3243 1520 3308 absentes
1551 3246 1668 3323 fuerint,

208 3341 423 3406 25dumm0do
455 3343 501 3404 eis
532 3345 678 3426 arguitur
707 3339 758 3405 vel
792 3351 1017 3426 argumentum
1046 3343 1248 3427 proponitur,
1281 3346 1451 3428 responsio
1482 3343 1577 3426 talis,
1610 3344 1668 3407 sive

252 3440 444 3528 principalis
464 3442 533 3504 sive
554 3442 660 3504 minus
681 3439 874 3526 principalis
896 3440 1002 3521 fuerit,
1023 3462 1088 3504 non
1109 3439 1205 3504 debet
1226 3443 1416 3527 computari.

254 3632 299 3691 ll).
332 3640 617 3688 DISPUTATIONEM
645 3639 861 3687 ORDINARIAM
888 3640 960 3686 TAM
985 3638 1236 3688 MAGISTRORUM
1262 3641 1357 3700 QUAM
1386 3641 1668 3691 necessariores
1706 3606 1709 3613 ⁴

293 3740 522 3788 PROMOVENDI
544 3739 770 3805 DILIGENTER,
792 3740 856 3786 SUB
878 3736 951 3785 suls
973 3739 1194 3805 IURAMENTIS,
1216 3739 1473 3799 FREQUENTARE
1496 3743 1633 3790 DEBENT

827 3838 873 3883 ET
896 3837 1090 3886 TENENTUR.

211 3965 245 4020 30
338 3953 424 4034 Quia
448 3956 604 4041 perpauci
630 3953 843 4041 promovendi
869 3955 902 4017 in
932 3952 1070 4035 artibus,
1098 3964 1134 4017 ut
1160 3977 1212 4018 res
1242 3957 1315 4041 ipsa
1342 3954 1468 4019 indicat
1495 3967 1531 4020 et
1559 3959 1669 4022 veritas

253 4063 399 4134 testatur,
430 4053 682 4140 disputationem
710 4052 906 4118 ordinariam
936 4064 1003 4116 tam
1032 4054 1262 4138 magistrorum
1293 4076 1389 4139 quam
1417 4053 1670 4120 baccalariorum

254 4150 352 4240 (quae
373 4163 480 4216 tamen
500 4153 773 4217 fructuosissimus
795 4163 886 4220 actus
914 4151 1123 4216 scholasticus
1151 4155 1184 4216 in
1206 4165 1316 4219 nostro
1337 4153 1444 4219 studio
1467 4158 1588 4220 artium
1608 4176 1671 4219 esse

254 4249 446 4336 dinoscitur)
469 4251 705 4336 ingrediuntur,
727 4274 786 4315 nee
808 4253 870 4337 piis
892 4250 1122 4316 monitionibus
1145 4252 1195 4336 (ut
1208 4254 1410 4339 experientia
1424 4253 1552 4340 docuit)
1572 4254 1671 4319 induci

254 4361 374 4438 queant
395 4360 465 4431 etc,
493 4349 553 4414 hoc
574 4350 711 4414 facultas
735 4352 852 4414 artium
875 4350 996 4431 volens,
1023 4353 1070 4414 uti
1097 4361 1233 4434 tenetur,
1261 4352 1435 4416 emendare
1457 4363 1490 4417 et
1512 4356 1547 4418 in
1566 4353 1670 4418 melius

213 4459 246 4514 35
256 4452 442 4531 reformare,
470 4450 651 4534 partimque
678 4453 843 4537 antiquam
864 4450 1104 4514 observantiam
1134 4474 1346 4533 reassumens,
1377 4455 1507 4535 statuit,
1534 4453 1618 4541 quod
1642 4453 1670 4514 in

256 4560 351 4614 antea
372 4549 506 4633 quilibet
526 4548 820 4636 promovendorum
841 4559 985 4635 tempore
1005 4549 1266 4635 dispensationis,
1286 4561 1353 4614 tam
1373 4575 1435 4638 pro
1458 4552 1670 4617 baccalariatu

334 4820 344 4869 1
366 4815 401 4869 D.
420 4815 437 4868 i.
458 4813 510 4868 auf
524 4814 573 4869 der
591 4813 720 4883 hiesigen.
748 4812 811 4882 Vgl.
829 4811 900 4866 oben
919 4811 947 4867 S.
966 4817 1006 4881 25,
1025 4817 1037 4867 1
1057 4830 1083 4867 u.
1102 4818 1159 4880 313,
1177 4818 1217 4870 tt.

334 4903 349 4953 2
368 4900 422 4953 Am
440 4898 538 4952 Raude
556 4899 710 4952 emalricum
726 4897 775 4949 arth
792 4896 990 4969 Koniprtoffen
1008 4898 1123 4951 iuniore.
1158 4897 1199 4950 Im
1217 4896 1306 4952 Jahre
1320 4901 1412 4964 racab,
1430 4903 1516 4954 istst
1533 4916 1590 4954 var
1599 4899 1668 4953 ideo

257 4982 317 5035 laus
334 4999 358 5033 v.
376 4983 410 5036 K.
436 4983 543 5049 Decau,
563 4985 648 5037 istob
672 4980 839 5035 Laurentius
857 4999 881 5035 v.
901 4981 935 5034 K.
974 4982 1116 5036 Letzterer
1136 4981 1173 5034 ist
1195 4979 1266 5035 wohl
1292 4982 1421 5053 gemeint
1458 4982 1591 5039 Offcnbar
1613 4982 1667 5036 aber

258 5064 327 5119 fehlt
343 5065 386 5118 die
403 5067 531 5136 Angabe‚
548 5083 605 5119 was
620 5066 726 5119 damals
743 5063 916 5119 beschlosseu
936 5065 1044 5119 worden
1062 5065 1108 5120 sei.

335 5152 350 5204 3
368 5149 430 5220 Vgl.
449 5168 484 5205 zu
502 5149 584 5220 Xlll,
603 5154 633 5204 16
650 5149 699 5204 der
716 5148 846 5204 Statutea
864 5167 918 5205 von
938 5154 1011 5208 1499.
