3756 6158
690 520 740 571 Die
757 518 876 570 statutae
895 533 948 569 rou
969 517 1143 571 root-1520.

710 730 837 822 [BM']
861 753 1126 817 Supraseripcio.

205 897 396 963 Reverendo
418 900 451 962 in
474 898 583 965 Cristo
609 901 696 987 patri
724 923 762 965 ac
791 899 936 983 domino,
961 900 1091 964 domino
1115 899 1240 982 Tiloni,
1268 902 1422 987 episeopo
1444 898 1623 964 Merssbur-

360 999 467 1083 gensi,
488 996 618 1064 domino
639 1011 749 1065 nostro
771 999 1012 1086 graciosissimo
1033 1007 1105 1074 (ant
1125 999 1275 1065 multum¹
1297 1003 1466 1084 gracioso).

249 1205 295 1264 lll-
329 1215 473 1276 QUANDO
502 1216 547 1264 at·
569 1217 746 1277 Quantas
768 1216 926 1264 DECANUS
949 1215 1237 1266 convocaclortas
1259 1214 1451 1264 DOCTORUM
1476 1215 1585 1263 SUPER

413 1315 716 1364 musanocuclome
735 1315 1049 1364 Psonovnnnonux
1069 1315 1202 1364 PACERE
1224 1316 1418 1362 TENBATUR.
1651 1311 1667 1363 5

288 1447 354 1512 Pro
385 1447 558 1514 concordia
593 1448 761 1513 doctorum
796 1447 959 1513 facultatis
997 1446 1143 1513 medicae
1176 1446 1339 1512 servanda
1377 1445 1503 1532 placet,
1539 1448 1626 1532 quod

206 1545 354 1611 dederes
377 1546 521 1612 eiusdem
541 1547 703 1613 facultatis
726 1561 757 1613 et
779 1547 819 1611 de
840 1546 973 1612 consilio
995 1548 1173 1612 existentes
1195 1549 1229 1611 in
1248 1546 1384 1633 locoque
1406 1546 1626 1612 universitatis

203 1656 393 1730 praesentes
423 1657 455 1711 et
479 1646 657 1712 residentes
685 1645 726 1711 de
752 1645 957 1711 examinibus
985 1656 1016 1710 et
1044 1645 1306 1731 promociouibus
1334 1644 1627 1731 promovendorum

206 1742 349 1810 habeant
363 1744 534 1811 dumtaxat
548 1745 794 1812 emolumentum
809 1746 901 1810 iuxta
917 1755 1037 1810 statuta
1053 1745 1193 1832 desuper
1209 1745 1306 1810 edita
1348 1743 1502 1818 Decanus
1519 1755 1627 1810 tamen

205 1865 266 1929 pro
288 1855 432 1932 tempore
454 1846 614 1928 existens,
634 1852 789 1932 quantum
811 1844 882 1909 fieri
903 1843 1057 1931 possibile
1079 1856 1144 1926 est,
1172 1846 1206 1909 in
1235 1847 1301 1909 suis
1330 1844 1623 1910 convocacionibus
1636 1854 1668 1909 10

204 1942 363 2009 faciendis
395 1944 478 2010 hanc
511 1943 607 2010 debet
638 1943 758 2010 habere
789 1943 1040 2025 discrecionem,
1062 1967 1103 2009 ue
1125 1946 1221 2009 nimis
1249 1943 1396 2008 celeriter
1417 1943 1625 2009 convocando

204 2040 352 2106 doctores
374 2043 530 2128 procedat
542 2093 550 2124 ‚
583 2046 758 2130 praecipue
792 2045 825 2107 in
856 2041 1057 2130 quorundam
1090 2041 1258 2108 doctorum
1286 2054 1361 2108 actu
1385 2044 1569 2128 regensium
1593 2053 1625 2107 et

205 2140 420 2206 residencium
434 2141 597 2223 absencia,
617 2142 793 2208 dummodo
813 2152 963 2229 speratur
979 2141 1071 2206 brevi
1086 2143 1209 2207 reditus
1231 2165 1341 2209 eorum
1365 2152 1397 2206 et
1417 2163 1509 2205 mora
1530 2145 1626 2228 pauci

205 2242 363 2327 temporis
378 2240 608 2328 promovendis
622 2243 753 2306 minime
766 2252 853 2306 esset
867 2242 993 2306 nociva.
1025 2240 1167 2328 Reputat
1189 2254 1296 2307 autem
1318 2242 1467 2328 praefata
1488 2240 1626 2306 facultas

203 2337 346 2405 nedum²
374 2339 458 2405 hunc
492 2340 654 2405 doctorem
685 2351 760 2404 actu
790 2350 970 2425 regentem,
997 2342 1052 2427 qui
1078 2340 1209 2427 publice
1234 2342 1267 2407 in
1293 2340 1389 2406 scolis
1416 2338 1552 2426 legendo
1575 2339 1624 2406 vel
1637 2351 1668 2406 15

204 2440 308 2503 eciam
323 2439 536 2527 practicando
550 2438 687 2521 laborat,
710 2438 885 2504 sedeciam
901 2437 1002 2521 illum,
1024 2441 1079 2525 qui
1096 2462 1115 2504 a
1135 2439 1253 2505 talibus
1276 2441 1416 2506 cessavit
1438 2449 1469 2504 et
1491 2450 1626 2526 propter

207 2548 355 2621 aetatem,
377 2561 460 2626 quae
481 2561 634 2603 acervum
657 2537 872 2626 periculorum
895 2537 1036 2620 adducit,
1058 2548 1156 2604 vacat
1176 2548 1209 2603 et
1229 2540 1376 2626 quiescit.

204 2769 372 2836 Statuta
392 2771 687 2836 concernenoia
714 2769 1092 2836 baccalauriandos
1115 2773 1155 2836 in
1177 2771 1405 2854 medicinis,
1432 2795 1537 2859 quae
1565 2773 1627 2837 eis

404 2870 490 2954 legi
513 2869 681 2952 debent,
704 2869 794 2934 dum
816 2871 979 2935 instant
1006 2892 1076 2957 pro
1099 2870 1428 2936 baccalauriatu

415 3060 463 3119 11.
491 3069 824 3119 eaccsnauamnnus
851 3071 968 3118 nnana
996 3071 1077 3120 assu
1101 3072 1417 3121 ruarmcunarus.
1635 3061 1670 3117 20

286 3200 400 3267 Nullus
428 3213 658 3289 promoveatur
686 3203 728 3268 ad
758 3203 895 3290 aliquem
925 3203 1061 3289 gradum
1091 3203 1254 3269 facultatis
1283 3201 1342 3291 [41]
1373 3203 1537 3285 medicae,
1565 3203 1627 3267 nisi

205 3303 295 3388 prius
317 3301 507 3366 matriculae
528 3313 659 3367 nostrae
681 3304 904 3368 universitatis
927 3304 968 3366 sit
988 3305 1164 3389 inscriptus
1193 3314 1225 3368 et
1254 3305 1411 3390 integram
1436 3303 1627 3390 peccuniam

203 3401 286 3466 solvi
310 3412 495 3466 consuetam
518 3403 723 3466 universitati
746 3400 886 3483 dederit,
914 3401 974 3466 hoc
1003 3411 1052 3466 est
1079 3402 1189 3467 decem
1219 3426 1361 3489 grossos.
1403 3401 1499 3482 Quod
1523 3403 1626 3466 eciam

205 3498 394 3586 intelligitur
416 3500 456 3565 de
478 3502 642 3565 extraneis
669 3499 872 3566 assumendis
902 3514 933 3565 ct
961 3502 1190 3588 promovendis
1210 3523 1270 3588 per
1291 3502 1484 3567 facultatem.
1527 3500 1571 3565 Et
1590 3503 1624 3565 in

205 3600 266 3665 hoc
288 3611 464 3688 paupertas
484 3601 645 3665 neminem
667 3598 847 3665 excusabit
1632 3607 1666 3664 2⁵

333 3806 381 3866 12.
409 3817 742 3867 saccanauluanuus
763 3817 903 3865 leantur
923 3818 1077 3867 SEBVARE
1099 3819 1258 3867 STATUTA
1281 3817 1503 3868 secundans.

288 3931 403 3998 Nullus
436 3942 664 4021 promoveatur
694 3933 727 3996 in
755 3931 995 3999 baccalaurium
1029 3936 1062 3998 in
1096 3933 1284 4017 medicinis,
1316 3936 1378 3998 nisi
1405 3936 1497 4020 prius
1517 3954 1627 3996 coram

207 4031 329 4097 decano
350 4043 382 4098 et
403 4042 471 4098 tota
492 4031 644 4098 facultate
671 4033 828 4096 iuraverit
855 4032 937 4097 velle
967 4032 1102 4097 firmiter
1135 4055 1267 4098 servare
1301 4043 1420 4098 statuta
1452 4030 1626 4112 facultatis,

208 4153 292 4218 quae
307 4141 382 4196 sunt
395 4143 427 4197 et
439 4141 533 4197 erunt
549 4154 610 4218 pro
628 4129 713 4196 bono
735 4131 897 4197 facultatis
920 4142 951 4197 et
972 4155 1031 4220 per
1052 4131 1187 4198 eandem
1207 4131 1359 4199 conclusa
1381 4141 1412 4196 et
1433 4130 1626 4218 approbata

274 4337 321 4399 13·
352 4347 685 4397 Baccanauaunnus
712 4349 804 4395 ANTE
833 4348 887 4395 sm
914 4347 1166 4396 Paonoclonnn
1188 4348 1351 4396 TENE'I'UR
1373 4347 1565 4396 DOC'I'OBUH
1634 4337 1668 4394 w

300 4447 494 4497 anemonas
514 4430 748 4496 111111111111111113
769 4446 950 4495 aunlvlssn
971 4447 1016 4494 ΕΤ
1038 4447 1235 4496 pascalem
1257 4447 1535 4508 remunerasse.

296 4564 441 4645 Quilibet
452 4564 565 4631 volens
580 4564 764 4651 promoveri
784 4564 818 4628 in
837 4561 1078 4628 baccalaurium
1098 4565 1132 4627 in
1151 4562 1322 4646 medicina,
1342 4562 1502 4628 tenebitur
1524 4564 1625 4650 prius,

208 4666 237 4731 si
260 4666 416 4752 magister
437 4666 520 4746 est,⁴
543 4673 616 4728 ante
643 4661 922 4728 baccalauriatnm
950 4661 1098 4727 adminus
1124 4684 1183 4749 per
1211 4661 1390 4747 biennium,
1418 4663 1446 4727 si
1473 4685 1537 4728 non
1560 4685 1625 4727 ma·

297 4937 308 4986 t
328 4929 514 4986 Gesehriebsn
533 4929 606 4985 steht
621 4931 713 4987 multo.

294 5019 309 5068 t
328 5014 420 5070 Ueber
436 5017 533 5069 cadram
550 5035 584 5063 =
602 5033 657 5069 nors
673 5016 760 5069 rohsm
776 5015 830 5086 agl.
850 5012 920 5068 oben
939 5013 966 5068 S.
987 5018 1014 5069 tt
1036 5013 1117 5069 Aum.
1138 5019 1161 5069 2.

295 5104 310 5152 3
330 5099 478 5168 dilipeater
495 5100 530 5153 ist
548 5117 592 5153 am
610 5098 708 5153 Raude
726 5098 939 5170 nachgetragen

293 5181 381 5239 rna
398 5180 539 5238 wasa·
556 5184 741 5254 mquam
759 5182 819 5238 ens
837 5184 930 5252 spuet
946 5180 1055 5256 gaeum
