3756 6158
257 479 318 543 244
795 476 851 528 Des
872 474 961 528 kleine
980 475 1085 543 Colleg.

257 662 343 724 tinus
365 658 471 745 Sporn
491 669 546 721 aut
566 658 682 744 aliquis
703 658 839 724 aliorum
860 660 895 723 in
914 659 1056 724 futurum
1076 657 1174 723 alicui
1185 658 1415 744 magistrorum
1432 655 1676 744 collegiatarum

256 757 350 822 huius
372 755 509 843 collegii,
532 758 601 821 sive
623 759 658 822 in
679 755 813 844 collegio
837 760 906 824 sive
928 767 1033 841 extra,
1050 758 1119 822 sive
1137 756 1269 845 publice
1289 760 1359 823 sive
1379 757 1514 840 occulte,
1535 758 1678 839 iniurias,

256 858 397 921 convitia
416 855 470 920 vel
500 855 709 921 contumelias
731 857 830 922 verbo
852 855 904 923 vel
927 857 1013 922 facto
1042 878 1099 921 seu
1128 858 1241 944 quovis
1272 856 1335 923 elio
1362 856 1458 923 modo
1485 857 1608 922 inferre
1627 854 1677 921 vel

254 957 401 1041 irrogare
422 958 678 1042 praesumpserit
699 956 791 1021 etde
811 956 873 1021 hoc
893 957 1060 1021 convictus
1081 954 1134 1020 vel
1156 957 1322 1021 confessus
1344 957 1450 1038 fuerit,
1471 966 1530 1023 aut
1549 954 1678 1021 sliunde

213 1065 230 1119 5
257 1054 297 1118 de
318 1054 380 1119 hoc
401 1064 550 1119 constare
571 1057 729 1141 potuerit,
759 1054 855 1120 debet
874 1055 947 1142 ipso
968 1055 1054 1119 facto
1075 1054 1117 1119 ab
1136 1054 1285 1120 omnibus
1307 1054 1530 1123 emolumentis
1550 1053 1677 1141 collegii

186 1220 190 1229 ,
255 1175 313 1239 per
333 1152 475 1217 medium
497 1176 617 1217 annum
638 1176 708 1218 esse
731 1176 915 1241 suspensus.
956 1153 1002 1218 Et
1022 1161 1058 1218 ut
1078 1153 1140 1218 hoc
1160 1152 1347 1221 conclusum
1374 1154 1500 1220 firmius
1528 1153 1677 1221 observe

255 1263 316 1334 tur,
344 1251 516 1339 collegium
538 1252 692 1337 decrevit,
720 1252 808 1340 quod
834 1255 869 1317 in
889 1251 1008 1318 librum
1035 1263 1227 1320 statutorum
1249 1253 1385 1320 inscribi
1405 1254 1549 1338 deberet,
1576 1264 1611 1319 et
1632 1255 1677 1319 ite

252 1352 325 1417 lieri
346 1354 533 1439 praeposito
553 1361 690 1439 protunc
711 1353 865 1418 existenti
884 1351 1103 1418 demandavit
1377 1360 1385 1375 '

253 1541 281 1601 4.
311 1551 357 1599 ΒΕ
378 1549 563 1600 ΕΧΟῙΒΙΟΝΕ
585 1550 813 1605 Pmscslrrr
834 1550 1005 1601 CONCLUSI
1025 1552 1093 1600 Pes
1114 1551 1251 1599 morou
1271 1551 1474 1601 nemesus
1494 1551 1677 1601 mmo!

213 1642 245 1697 10
496 1650 608 1700 SPORN
628 1651 741 1700 FACTA
761 1652 808 1700 ΕΤ
828 1650 938 1700 Ipsius
958 1650 1122 1700 PROPTER
1141 1648 1212 1698 HOC
1233 1649 1435 1699 summost.

333 1782 379 1847 Et
407 1785 485 1869 quia
515 1783 682 1871 praefatus
713 1785 869 1871 magister
894 1783 1054 1850 Martinus
1087 1781 1195 1871 Sporn
1223 1781 1408 1849 conclusum
1437 1782 1676 1871 praescriptum

253 1903 326 1947 cum
350 1880 491 1970 quodam
511 1882 575 1949 alio
598 1878 848 1971 cou[25⁸]cluso
871 1881 999 1969 collegii
1020 1903 1064 1948 ex
1084 1880 1169 1947 libro
1191 1889 1385 1949 statutorum
1403 1879 1533 1969 collegii
1554 1880 1676 1946 emovit

251 1994 284 2046 et
304 1980 434 2064 excidit,
460 1992 661 2071 quapropter
689 2005 749 2070 per
771 1982 947 2069 magistros
967 1980 1096 2067 collegii
1116 1988 1256 2069 protrmc
1283 1981 1425 2068 gratiose
1446 1981 1481 2045 in
1502 2001 1563 2045 sex
1583 1977 1674 2044 flore·

251 2083 302 2146 nis
323 2081 358 2145 in
378 2104 457 2146 auro
477 2084 608 2169 punitus
628 2083 690 2148 fuit
710 2093 742 2147 et
763 2092 879 2170 sponte
900 2080 1067 2165 magistris
1092 2079 1220 2167 collegii
1242 2102 1277 2145 se
1297 2082 1332 2144 in
1350 2080 1494 2145 futurum
1507 2076 1674 2165 obligsvit,

212 2189 242 2244 15
251 2189 296 2263 ut,
317 2182 345 2246 si
365 2182 480 2264 quovis
500 2180 596 2246 modo
616 2191 729 2248 contra
750 2180 937 2247 conclusum
957 2178 1183 2267 supradictum
1203 2201 1277 2244 eum
1297 2177 1455 2244 excedere
1475 2178 1674 2263 confingeret

251 2290 308 2345 aut
332 2288 445 2345 contra
474 2279 615 2368 aliquam
642 2303 817 2368 personam
845 2278 983 2366 collegii,
1013 2278 1101 2366 quod
1130 2286 1251 2344 extunc
1278 2278 1351 2365 ipso
1376 2277 1463 2342 facto
1491 2278 1564 2342 sine
1590 2276 1673 2342 omni

252 2371 505 2444 contradictione
533 2377 631 2444 vellet
661 2401 733 2446 esse
765 2400 940 2468 suspensus
972 2375 1014 2442 ab
1044 2377 1193 2444 omnibus
1223 2375 1446 2443 emolumentis
1473 2374 1605 2463 collegii
1632 2373 1672 2439 sd

250 2478 392 2543 medium
412 2500 532 2544 annum
551 2479 644 2543 iuxta
664 2487 809 2544 tenorem
830 2477 973 2544 conclusi
996 2475 1187 2564 supradicti.
1208 2476 1295 2542 Acta
1312 2485 1387 2542 sunt
1406 2474 1489 2542 hoec
1506 2477 1544 2542 in
1563 2473 1673 2561 vigilis

248 2579 431 2644 nativitatis
451 2576 584 2661 domini,
605 2598 690 2643 enno
712 2577 856 2644 eiusdem
880 2579 969 2644 1495.

207 2768 241 2826 20
266 2767 295 2827 5.
315 2780 363 2827 ns
384 2778 669 2828 smsrrrcsrrorrn
690 2777 916 2827 snmscsrrrr
937 2744 1434 2843 contempsissemus!
1452 2773 1655 2827 norsrsurs

361 2879 544 2929 sessurus
565 2877 676 2927 sross
696 2876 818 2942 neers,
839 2876 885 2926 nr
907 2876 1016 2927 rrsrus
1036 2875 1200 2926 rnorrns
1217 2876 1289 2927 noc
1307 2875 1499 2928 rummorrs
1519 2874 1565 2925 sc

826 2974 1100 3026 conmanere.

329 3081 442 3159 Poena
469 3091 660 3180 supradicta
686 3112 746 3178 per
773 3088 910 3155 eundem
939 3088 1044 3156 solnta
1072 3099 1105 3156 et
1132 3112 1210 3157 suae
1236 3099 1440 3179 spontaneae.
1456 3088 1672 3177 obligationis,

247 3193 281 3256 in
302 3192 450 3280 praefato
462 3191 612 3258 concluso
627 3210 813 3276 expressae,
833 3189 1011 3273 immemor,
1031 3189 1199 3276 praefatus
1217 3191 1374 3277 magister
1385 3186 1550 3255 Martinus
1561 3186 1672 3277 Spem,

206 3290 441 3377 telicentiatns,
473 3288 658 3356 conclusum
687 3287 910 3376 supradictum
942 3288 1116 3376 tripliciter
1144 3288 1346 3372 falsificavit,
1378 3289 1487 3376 primo
1506 3288 1673 3354 veritetem

249 3390 395 3475 delendo,
410 3390 486 3456 dnm
501 3387 573 3456 loco
587 3389 681 3455 verbi
698 3380 923 3455 ‘concorditer'
939 3387 1091 3455 vitiando
1107 3390 1277 3477 scripserit
1291 3385 1515 3471 ‘discorditer'3
1537 3386 1672 3454 secundo

248 3490 407 3579 quaedam
429 3512 509 3556 vera
530 3489 631 3556 verba
657 3489 739 3555 false
768 3487 927 3575 glossavit
955 3497 987 3554 et
1016 3497 1134 3577 expost
1163 3488 1305 3572 abrasit;
1333 3488 1429 3553 tertio
1449 3487 1485 3553 in
1510 3486 1577 3554 line
1597 3485 1672 3553 islse

248 3589 374 3655 addidit
392 3586 457 3674 ‘qui
477 3590 539 3654 fuit
564 3597 655 3654 actor
680 3589 796 3654 horum
818 3597 851 3652 et
876 3587 977 3654 iudex
997 3585 1124 3672 nullus’,
1153 3608 1226 3653 cum
1253 3587 1422 3675 collegium
1449 3584 1559 3654 fueret
1577 3586 1670 3653 iudex

247 3698 279 3752 et
299 3688 502 3754 concorditer
528 3689 634 3775 ipsum
662 3689 803 3774 punivit,
834 3697 870 3753 ut
897 3708 940 3752 ex
967 3685 1077 3753 verbis
1105 3685 1249 3753 eiusdem
1279 3685 1421 3753 conclusi
1448 3687 1483 3751 in
1512 3687 1669 3774 principio

206 3787 336 3853 toclare
362 3795 460 3874 patet.
502 3787 642 3874 Ideoque
672 3787 844 3873 collegium
874 3785 1014 3852 eundem
1041 3787 1233 3874 magistrum
1256 3785 1434 3851 Martinum
1457 3781 1544 3873 [25³]
1568 3784 1668 3874 Spem

248 3886 439 3952 secundario
461 3887 589 3974 punivit
614 3908 720 3974 poena
742 3887 964 3973 suspensionis
984 3885 1026 3952 ab
1047 3885 1196 3952 omnibus
1220 3884 1443 3951 emolumentis
1463 3894 1496 3951 et
1515 3884 1666 3952 fiuctibus

249 3986 376 4073 collegii
397 4009 458 4075 per
479 3984 620 4050 medium
642 4008 772 4069 annum,
795 3984 837 4049 ad
860 4006 956 4071 qnam
977 4006 1115 4072 poenam
1130 3987 1224 4051 iuxta
1237 3994 1381 4051 tenorem
1395 3982 1541 4052 conclusi
1560 4006 1664 4075 supre-

247 4085 326 4150 dicti
347 4108 382 4150 se
403 4086 494 4172 prius
515 4092 629 4172 sponte
651 4084 824 4171 obligavit,
850 4095 882 4150 et
911 4085 938 4149 si
966 4084 1000 4149 in
1020 4084 1164 4150 futurum
1191 4084 1357 4170 praefatus
1382 4084 1540 4172 magister
1558 4082 1663 4150 Marti·

245 4207 307 4250 nus
328 4184 435 4273 Spem
455 4195 568 4251 contra
587 4185 771 4270 praefatum
792 4183 978 4250 conclusum
1005 4184 1228 4272 autaliquem
1248 4205 1422 4271 personam
1449 4183 1582 4272 collegii
1607 4182 1660 4265 (uti

204 4286 480 4371 ttpraemittitur)
508 4285 623 4371 quovis
652 4283 747 4350 modo
775 4285 952 4351 excesserit
981 4294 1016 4350 et
1042 4285 1137 4350 tertio
1165 4283 1346 4371 puniendus
1373 4285 1516 4368 venerit,
1549 4292 1658 4351 extunc

245 4385 316 4471 ipse
338 4383 434 4451 debet
456 4405 527 4449 esse
545 4384 619 4469 ipso
641 4382 727 4448 facto
750 4405 809 4449 sua
827 4383 1039 4470 collegiatura
1058 4384 1094 4449 in
1111 4383 1198 4449 dicto
1219 4381 1357 4470 collegio
1378 4391 1547 4471 tamquam
1565 4384 1657 4449 incor-

245 4482 384 4568 rigibilis
406 4485 562 4570 privatus.
601 4482 685 4549 Acta
706 4492 781 4549 sunt
799 4481 882 4549 haec
907 4483 990 4548 feria
1016 4481 1159 4550 secunda
1185 4489 1263 4571 post
1282 4479 1512 4551 Misericordia
1537 4480 1654 4561 domini,

244 4605 328 4649 anno
351 4582 473 4649 domini
496 4584 585 4649 1497.

325 4967 367 5027 So
388 4968 454 5028 weit
478 4969 526 5028 die
546 4969 645 5027 Hand
675 4970 726 5026 des
753 4969 875 5028 Jolaaa
900 4968 1005 5031 Fabri.
1046 4967 1105 5028 Die
1123 4970 1289 5046 folgenden
1308 4969 1568 5052 Auffeeiclaranpon
1590 4920 1672 5030 a'dll⁴

202 5072 302 5130 iduor
320 5070 545 5129 carcereum
564 5070 697 5128 Hdnden
715 5068 910 5145 perstrictos.
