3756 6158
358 474 418 535 622
868 474 917 523 Die
935 474 1122 525 mediciniaehc
1141 474 1270 527 Faculttt.

360 654 491 734 ditione,
514 663 565 733 ut,
589 654 617 717 si
638 652 731 735 velit,
755 665 995 720 concurrentem
1014 679 1085 722 esse
1107 657 1265 745 aliquem,
1288 681 1330 723 ex
1353 657 1540 724 doctoribus
1562 657 1664 724 talem
1685 659 1785 746 eligat

369 754 402 817 in
423 752 529 818 locum
549 752 717 836 scholaris,
738 776 779 817 ne
800 754 878 841 quid
901 754 1052 840 dignitati
1074 756 1197 821 ordinis
1218 758 1319 823 nostri
1342 756 1542 822 detrahatmt

1058 895 1085 956 6.

443 1000 489 1066 Ut
503 1001 690 1087 aequalitas,
712 1002 954 1069 benevolentiae
969 1015 1082 1088 mater,
1106 1014 1262 1085 servetur,
1283 1002 1390 1092 quoad
1412 1004 1483 1069 fieri
1502 1015 1612 1092 potest
1633 1008 1787 1090 maxime,

319 1112 335 1168 ⁵
365 1100 511 1167 decrevit
523 1100 668 1183 facultas,
686 1113 722 1165 ut
738 1102 875 1189 posthac
892 1104 926 1167 in
943 1103 1115 1190 poscendis
1131 1105 1312 1169 honorariis
1336 1099 1399 1189 [12]
1422 1126 1480 1190 pro
1503 1108 1666 1190 praestita
1687 1130 1786 1194 opera

364 1200 587 1266 medicationis
608 1200 729 1287 triplex
752 1201 813 1268 hoc
844 1202 1017 1268 discrimen
1045 1214 1200 1286 servetur,
1235 1204 1372 1289 primum
1404 1203 1640 1290 magnitudinis
1671 1204 1785 1287 morbi,

368 1300 485 1366 deinde
514 1300 692 1366 durationis
720 1324 777 1367 seu
806 1301 1018 1388 longitudinis
1044 1303 1168 1386 morbi,
1200 1304 1296 1367 tertio
1329 1300 1523 1367 conditionis
1553 1314 1586 1367 ot
1618 1302 1782 1369 facultatis

364 1402 464 1487 aegri,
497 1398 596 1487 idque
618 1402 671 1482 ita,
693 1410 737 1482 ut,
761 1402 881 1489 siquis
910 1401 1040 1467 octiduo
1070 1403 1232 1467 curaverit
1261 1400 1392 1465 divitem
1424 1400 1563 1490 aliquem
1595 1404 1632 1467 in
1666 1403 1778 1469 morbo

363 1521 492 1586 magno,
513 1498 554 1564 ab
575 1522 612 1564 eo
635 1498 966 1586 poscat10thaleros,
989 1524 1009 1565 a
1030 1500 1184 1566 mediocri
1204 1524 1271 1583 sex,
1294 1523 1314 1564 a
1335 1502 1424 1564 tenui
1446 1500 1537 1566 duos.
1569 1502 1608 1566 In
1631 1501 1781 1566 chronico

325 1598 478 1665 tomorbo
501 1622 521 1663 a
543 1599 643 1663 divite
665 1620 724 1684 per
745 1600 958 1685 septimanam
980 1607 998 1668 3
1019 1599 1176 1683 thaleros,
1198 1623 1218 1664 a
1240 1599 1395 1664 mediocri
1417 1599 1518 1683 duos,
1541 1623 1561 1664 a
1579 1603 1671 1665 tenui
1694 1599 1782 1665 dimi·

363 1699 462 1764 dium.
494 1698 635 1779 Quodsi
653 1720 712 1783 pro
731 1697 842 1762 decem
859 1721 918 1785 pro
935 1698 1130 1764 liberalitate
1152 1722 1249 1786 aeger
1271 1698 1397 1763 medico
1420 1697 1555 1786 duplum
1574 1710 1634 1765 aut
1653 1699 1783 1787 triplum

361 1821 532 1864 numerare
552 1797 697 1879 voluerit,
720 1798 902 1884 accipiendi
922 1797 1013 1863 locus
1033 1798 1159 1863 medico
1181 1820 1246 1863 non
1266 1797 1500 1884 prohibebitur.

838 1963 876 2028 V.
897 1960 944 2050 [S.
966 1960 1016 2051 13]
1044 1983 1091 2030 nn
1113 1982 1303 2032 araroum.

1063 2090 1088 2147 1.

321 2210 351 2265 15
444 2199 707 2264 Demonstratori
740 2197 921 2261 anatomiae
950 2220 991 2262 ex
1022 2196 1197 2284 diplomate
1223 2198 1382 2284 principis
1413 2196 1633 2263 decernuntur
1660 2203 1702 2263 20
1729 2197 1784 2261 flo-

358 2301 438 2381 reni,
460 2300 516 2386 qui
537 2320 579 2362 ex
601 2298 728 2362 aerario
750 2295 985 2382 persolvuntur.

1056 2418 1086 2478 2.

446 2532 606 2597 Doctores
625 2532 722 2595 etiam
743 2528 858 2615 reliqui
880 2530 1037 2594 interesse
1059 2529 1177 2595 debent
1199 2528 1391 2612 anatomiae,
1412 2541 1568 2615 quantum
1591 2533 1708 2619 cuique
1727 2551 1783 2617 per

360 2633 491 2717 negotia
512 2630 637 2711 licebit3
667 2653 726 2717 pro
752 2651 815 2715 qua
843 2650 944 2714 opera
972 2629 1090 2715 singuli
1112 2636 1131 2696 2
1152 2629 1289 2694 florenos
1313 2650 1353 2691 ex
1375 2631 1502 2696 aerario
1532 2632 1703 2717 accipient.
1746 2629 1780 2694 Si

320 2733 418 2817 toqui
440 2732 523 2795 forte
548 2742 656 2794 tamen
678 2752 737 2815 per
759 2733 898 2814 negotia,
921 2728 1136 2792 valetudinem
1161 2742 1216 2792 aut
1244 2727 1420 2815 quamlibet
1449 2728 1547 2794 aliam
1576 2729 1779 2817 probabilem

361 2853 492 2895 causam
512 2829 743 2916 impedientur,
766 2827 815 2891 his
838 2826 1045 2892 nihilominus
1067 2826 1153 2890 idem
1176 2831 1365 2914 praemium,
1386 2851 1501 2915 nempe
1522 2835 1541 2895 2
1563 2818 1680 2894 floreni
1705 2853 1777 2916 pen-

363 2928 497 3012 dantur;
520 2932 576 3016 qui
597 2951 674 2995 vero
697 2925 886 3013 simpliciter
908 2928 1064 2992 interesse
1083 2930 1315 3010 recusaverint,
1335 2928 1386 2993 his
1406 2927 1486 2992 nihil
1507 2926 1650 2995 dabitur.

1054 3081 1081 3143 3.

444 3197 581 3262 Doctori
604 3195 789 3278 chirurgiae
810 3218 904 3259 suum
926 3198 1132 3261 constitutum
1161 3205 1210 3259 est
1238 3217 1297 3281 per
1319 3195 1499 3282 principem
1529 3194 1704 3278 salarium,
1729 3195 1780 3280 qui

319 3299 391 3364 essi
414 3301 532 3362 sotium
554 3306 586 3360 et
610 3294 790 3359 adiutorem
819 3294 881 3358 sibi
911 3317 1068 3360 consensu
1089 3294 1252 3360 facultatis
1276 3317 1334 3359 sua
1356 3291 1539 3382 spon[14]te
1561 3296 1733 3377 asciverit,
1753 3295 1781 3358 ci

361 3397 401 3461 de
424 3419 480 3462 suo
502 3395 680 3483 praemium
703 3391 888 3479 persolvere
910 3393 1013 3460 debet.

1059 3554 1088 3611 4.

447 3662 655 3749 Spectatores
674 3660 808 3724 studiosi
825 3660 876 3724 vel
898 3663 976 3724 artis
997 3672 1128 3725 nostrae
1149 3661 1201 3726 vel
1223 3663 1320 3725 etiam
1342 3661 1578 3748 philosophiae,
1602 3670 1659 3724 aut
1682 3661 1780 3745 siqui

364 3773 438 3828 sunt
466 3761 521 3826 alii
548 3761 688 3841 honesti,
716 3762 771 3846 qui
802 3783 864 3824 non
895 3783 936 3823 ex
966 3760 1143 3846 petulantia
1165 3761 1307 3845 quadam
1337 3763 1493 3825 interesse
1515 3759 1644 3841 volunt,
1669 3760 1779 3824 admit·

320 3873 481 3942 30tentur,
503 3863 548 3924 ita
568 3870 603 3923 ut
624 3858 742 3944 singuli
763 3869 870 3922 tamen
892 3859 1035 3944 pendant
1057 3871 1130 3923 ante
1151 3864 1292 3945 primum
1313 3863 1495 3945 ingressum
1512 3867 1531 3924 b
1546 3882 1691 3944 grossos.
1732 3859 1779 3922 De

364 3963 425 4026 hac
448 3963 585 4048 pecunia
606 3958 794 4023 collectores
816 3958 890 4021 dein
913 3959 1070 4022 curabunt
1096 3960 1210 4041 funus,
1238 3972 1270 4022 et
1298 3958 1423 4046 reliqna
1444 3961 1631 4022 necessaria
1654 3980 1779 4044 compa·

362 4061 497 4142 rabunt3
524 4060 564 4124 de
586 4058 702 4146 quihus
723 4058 874 4142 expensis
895 4059 1052 4122 rationem
1073 4058 1212 4123 reddant
1230 4059 1387 4123 facultati.
1430 4056 1529 4137 Quod
1548 4058 1709 4145 reliquum
1730 4058 1779 4121 de

364 4164 476 4246 inceps
496 4159 602 4241 fuerit,
624 4156 658 4220 id
679 4155 855 4243 aequaliter
877 4157 911 4220 in
936 4159 1091 4236 incisores
1113 4171 1145 4222 et
1167 4158 1352 4224 collectores
1374 4156 1614 4222 distribuetur.¹

690 4306 746 4373 VI.
771 4303 814 4393 [S.
830 4303 877 4392 15]
906 4325 1012 4373 narro
1034 4326 1150 4374 srnnn
1174 4327 1220 4375 an
1243 4324 1449 4374 senonense.

316 4440 350 4498 3⁵
1061 4435 1087 4492 l.

447 4544 490 4608 Et
519 4542 594 4630 quia
623 4541 777 4606 hactenus
804 4540 966 4627 plerisque
997 4541 1175 4607 scolaribus
1204 4544 1264 4607 fuit
1291 4543 1456 4628 incognita
1484 4541 1569 4605 ratio
1592 4540 1778 4621 studiorum,

364 4668 460 4732 quarn
487 4652 606 4707 vocant
633 4639 874 4726 completionis,
898 4651 929 4705 et
960 4641 1049 4705 multi
1079 4645 1247 4707 temerario
1278 4641 1417 4729 quodam
1448 4663 1529 4705 ausu
1554 4650 1631 4704 ante
1656 4651 1778 4726 tempus

447 4833 457 4881 l
478 4825 577 4895 Sptter
589 4822 649 4876 sind
661 4821 707 4875 die
720 4820 820 4874 letzten
830 4821 927 4876 Worte
940 4839 992 4876 von
1007 4824 1041 4876 id
1056 4839 1093 4877 an
1111 4821 1316 4894 ausgestrichen
1334 4821 1391 4875 und
1407 4820 1490 4875 dufer
1509 4822 1583 4876 ward
1601 4819 1778 4893 geschrieben

361 4912 394 4964 id
409 4918 493 4965 totum
510 4907 677 4978 relinquetur
694 4906 818 4973 incisori,
844 4905 1002 4960 collectores
1020 4915 1109 4961 numm
1126 4909 1181 4960 aiat
1199 4909 1333 4960 immersa.
1368 4904 1449 4959 Noch
1468 4909 1561 4975 opiter
1579 4906 1616 4959 ist
1635 4905 1708 4960 anch
1723 4905 1778 4959 dies

362 4995 461 5049 wieder
481 4991 688 5062 ausgestrichen
707 4989 763 5042 und
781 4988 915 5043 nonmehr
926 4990 1119 5059 geschn’eben:
1137 4994 1171 5045 da
1188 5008 1219 5043 eo
1238 4990 1353 5058 collegio
1370 4991 1476 5043 medico
1492 4991 1686 5060 asperioribus
1702 4989 1777 5043 annai

362 5079 402 5131 sic
418 5080 587 5132 statuendam
605 5094 660 5130 esse
675 5076 761 5127 oimm
778 5082 823 5137 cat,
840 5081 870 5125 ot
887 5074 962 5127 illud
976 5077 1004 5128 ia
1024 5092 1114 5128 omnes
1131 5077 1269 5140 doctores,
1289 5080 1420 5144 quotquot
1443 5074 1473 5126 irs
1496 5073 1614 5128 coasilio
1631 5074 1777 5146 sancitati

353 5164 479 5240 fuerim,
495 5163 646 5232 aequaliter
664 5161 855 5214 distribuatur.
