3756 6158
234 459 295 520 402
731 455 781 503 Die
798 453 1017 517 philosophiscbc
1033 455 1160 506 Facultiit

238 644 369 723 reputat
400 633 576 699 notabilem
598 643 629 698 et
650 636 830 718 notorium,
853 635 893 700 de
915 658 978 722 quo
1001 657 1060 722 per
1079 645 1239 701 rectorem
1263 644 1295 699 et
1315 659 1496 706 assessores
1524 645 1594 708 eius
1614 645 1655 708 in·

239 745 425 800 carceratus
445 735 551 814 tuerit,
576 733 629 797 vel
652 736 679 797 si
700 733 849 820 publicus
870 736 1110 799 meretricarius
1131 734 1239 816 fuerit,
1261 735 1385 800 scilicet
1407 740 1494 823 quod
1511 743 1548 806 in
1567 742 1656 808 domo

240 834 455 899 habitacionis
483 853 560 897 suae
587 832 755 897 mulierem
785 844 968 920 suspectam
998 833 1128 920 publice
1156 837 1311 917 tenuerit,
1339 834 1391 901 vel
1422 836 1465 900 ad
1495 841 1656 907 comodum

237 934 357 999 bursae
380 955 458 998 suae
481 931 577 996 talem
600 931 834 1014 introduxerit,
856 933 907 997 vel
930 933 995 997 alia
1022 933 1116 999 domo
1143 933 1197 997 vel
1227 933 1423 999 domuncula
1449 937 1503 1001 vel
1531 942 1656 1007 comodo

194 1044 211 1099 5
237 1034 402 1098 meretrici
423 1031 576 1119 publicae
599 1031 651 1097 vel
677 1032 902 1097 meretricibus
928 1031 1067 1119 publicis
1095 1035 1451 1118 conversatus‘fuerit,
1482 1037 1535 1101 vel
1560 1038 1657 1105 locum

239 1142 434 1218 suspectum,
445 1129 598 1195 videlicet
615 1130 841 1216 prostibulum,
855 1133 1048 1213 visitaverit,
1061 1130 1114 1196 vel
1129 1134 1162 1197 in
1179 1132 1406 1201 collationibus
1429 1144 1487 1199 aut
1508 1139 1655 1223 prandiis,

239 1233 295 1298 ubi
315 1231 413 1297 talem
435 1230 487 1295 vel
514 1229 596 1294 tales
624 1252 695 1294 esse
726 1232 874 1314 sciverit,
897 1232 1009 1315 fuerit,
1032 1241 1065 1297 et
1086 1231 1127 1296 de
1148 1231 1211 1297 hoc
1231 1234 1397 1298 convictus
1419 1233 1473 1299 vel
1501 1240 1656 1304 consessus

232 1330 289 1397 'vel
310 1353 369 1417 per
394 1338 622 1395 conventorem
650 1339 783 1414 propter
809 1328 894 1394 hunc
922 1340 954 1394 et
982 1331 1157 1415 quemlibet
1184 1331 1296 1396 alium*
1311 1354 1482 1398 excessum
1507 1333 1547 1399 de
1567 1333 1657 1400 bursa

238 1453 297 1496 sua
315 1429 476 1516 'expulsus
497 1429 610 1510 fuerit,
632 1426 685 1491 vel
706 1429 740 1491 in
762 1428 942 1514 prostibulo
961 1429 1014 1494 vel
1036 1438 1130 1495 extra
1151 1430 1282 1518 publice
1309 1454 1344 1496 se
1370 1435 1589 1518 percusserit,
1609 1432 1654 1498 vel

200 1541 232 1596 10
242 1529 289 1595 ibi
301 1529 478 1593 wlneratus
497 1550 539 1592 ex
561 1526 657 1613 culpa
679 1549 737 1592 sua
757 1529 854 1592 fuerit
875 1537 989 1615 captus
1005 1528 1057 1616 vel
1075 1529 1307 1617 deprehensus,
1320 1530 1373 1596 vel
1393 1534 1450 1620 qui
1471 1531 1515 1597 ad
1536 1531 1659 1599 taxillus

242 1632 277 1694 in
297 1629 442 1693 tabernis
464 1626 594 1714 publice
615 1625 746 1708 luserit,
767 1626 820 1691 vel
843 1617 1052 1693 liastiludium
1081 1631 1116 1694 in
1136 1629 1205 1695 foro
1233 1620 1361 1719 publice
1390 1633 1594 1716 exercuerit,
1614 1632 1658 1698 vel

241 1731 296 1817 qui
310 1727 421 1792 verbis
438 1727 602 1792 iniuriosis
614 1725 998 1814 aliquemmagistrorum
1014 1728 1142 1816 publice
1159 1728 1291 1795 laeserit
1309 1730 1362 1795 vel
1382 1730 1492 1817 ipsum
1513 1721 1659 1815 iniuriose

242 1829 448 1916 percusserit,
465 1825 518 1890 vel
540 1825 661 1893 furum
681 1825 734 1890 vel
755 1826 837 1891 alios
860 1848 1024 1910 excessus,
1046 1841 1127 1914 quos
1150 1831 1323 1894 comitatur
1343 1830 1480 1896 msamia
1500 1830 1554 1896 vel
1576 1855 1658 1896 scan-

241 1927 371 2009 dulum,
394 1927 593 1991 commiserit
614 1924 665 1989 vel
696 1929 944 2012 perpetraverit.
996 1927 1142 2008 Quorum
1167 1929 1275 1993 nullus
1298 1930 1419 2013 eciam,
1442 1931 1470 1994 si
1494 1929 1536 1995 de
1559 1930 1658 2018 aliquo

201 2037 231 2092 15
242 2027 482 2114 praedictorum
505 2048 695 2091 excessuum
718 2037 888 2113 suspectus
909 2026 962 2091 vel
979 2019 1159 2093 infamatus
1187 2030 1300 2110 fuerit,
1325 2031 1445 2094 nisiae
1470 2029 1511 2095 de
1529 2029 1588 2094 tali
1606 2052 1658 2116 per

240 2149 334 2197 snum
354 2127 569 2190 iuramentum
584 2128 841 2214 expurgaverit,
864 2125 907 2190 ad
927 2136 1125 2214 temptamen
1136 2176 1145 2211 ,
1167 2125 1202 2210 ut
1224 2129 1441 2215 praemissum
1470 2138 1536 2212 est,
1558 2127 1657 2216 aliquo

239 2225 336 2291 modo
359 2224 558 2291 admittatur.
1219 2250 1225 2259 =

611 2381 614 2386 ’
655 2396 699 2461 13.
728 2410 776 2457 na
799 2408 929 2461 msrru
951 2411 1252 2461 snccmssronun

851 2531 912 2594 νει.
930 2531 963 2591 x,
983 2531 1042 2581 152.

197 2653 232 2709 20
322 2644 402 2708 Item
425 2643 532 2709 nullus
555 2642 812 2709 baccalariorum
836 2645 870 2709 in
890 2644 1016 2709 artibus
1042 2654 1150 2732 portet
1178 2643 1312 2732 pallium
1335 2667 1376 2708 ex
1398 2653 1539 2731 utroque
1564 2642 1658 2708 latere

239 2743 292 2808 vel
305 2767 369 2808 uno
386 2754 534 2831 apertum
551 2747 639 2808 cum¹
656 2743 768 2831 iopula
781 2744 833 2808 vel
847 2744 1010 2827 tunicella,
1027 2767 1111 2832 quae
1131 2767 1195 2810 non
1215 2743 1419 2831 protenditur
1442 2743 1530 2808 ultra
1550 2764 1658 2830 genua,

239 2866 344 2932 neque
364 2842 463 2930 alium
485 2843 632 2908 habitum
654 2843 856 2910 indecentem
880 2844 1015 2916 deferat.
1059 2843 1124 2924 Qui
1146 2845 1174 2907 si
1195 2832 1393 2924 contrarium
1415 2844 1547 2926 fecerit,
1564 2844 1598 2906 in
1617 2841 1658 2906 di·

238 2943 339 3008 midio
356 2942 478 3011 floreno
494 2966 554 3030 per
568 2942 728 3008 decanum
743 2943 907 3008 facultatis
922 2946 1046 3009 arcium
1063 2944 1227 3031 puniatur.
1271 2942 1336 3024 Qui
1360 2944 1388 3008 si
1410 2954 1446 3008 se
1468 2928 1659 3031 opposuerit,

240 3043 282 3109 ad
305 3042 474 3111 ulteriores
495 3040 618 3130 gradus
637 3045 671 3108 in
694 3042 819 3108 artibus
841 3066 906 3108 non
926 3042 1126 3109 admittatur.

198 3238 300 3298 2514.
324 3227 389 3317 [Bl.
412 3209 756 3315 12¹³]'1timmurun
783 3225 1088 3309 rsnrrrnnonuu,
1118 3243 1283 3290 ramosa
1309 3207 1596 3292 marnusrmords
1620 3242 1660 3289 nr

589 3344 625 3390 m
645 3343 844 3391 nasamone
866 3342 1030 3392 nxsumm
1051 3341 1325 3390 raoromuvnmr.

321 3462 415 3549 „Ego
438 3461 484 3527 .N.
502 3462 584 3543 iuro,
606 3457 693 3546 quod
708 3480 768 3522 nec
785 3461 911 3525 actione
929 3483 988 3525 nec
1002 3458 1137 3540 ulcione,
1160 3481 1220 3522 nec
1241 3480 1299 3545 per
1321 3481 1372 3523 me
1392 3480 1453 3524 nec
1472 3481 1534 3545 per
1555 3457 1657 3538 alium,

244 3563 364 3626 directe
386 3561 437 3625 vel
461 3560 627 3639 indirecte,
648 3557 749 3622 verbo
772 3558 824 3622 vel
844 3561 930 3625 facto
953 3559 1003 3623 vel
1026 3560 1142 3647 quovis
1166 3559 1229 3624 alio
1253 3558 1349 3623 modo
1372 3557 1470 3623 velim
1486 3581 1539 3624 me
1559 3557 1657 3622 vindi·

241 3686 325 3745 care,
347 3665 374 3725 si
389 3660 432 3725 ad
446 3669 644 3745 temptamen
665 3680 730 3722 non
752 3657 914 3740 admittar,
937 3659 988 3723 vel
1013 3662 1115 3723 eciam
1137 3668 1212 3746 post
1233 3668 1431 3745 temptamen
1454 3659 1583 3740 reiciar,
1603 3656 1657 3721 sub

200 3773 235 3829 30
244 3784 348 3850 poena
361 3760 507 3847 periurii,
528 3757 615 3845 quod
631 3769 744 3821 contra
758 3758 880 3822 faciens
895 3762 967 3845 ipso
985 3758 1070 3823 facto
1088 3760 1230 3840 incurro,
1253 3768 1285 3823 et
1307 3748 1437 3821 centum
1461 3757 1659 3836 florenorum,

246 3886 380 3950 quorum
400 3859 558 3930 medietas
581 3856 674 3921 cedat
691 3857 753 3939 illi,
776 3881 871 3944 quem
893 3862 940 3923 sic
961 3859 1103 3940 offendo,
1126 3857 1191 3922 alia
1213 3880 1290 3923 vero
1318 3856 1477 3921 medietas
1499 3855 1596 3921 cedat
1616 3857 1657 3919 fa·

242 3963 386 4049 cultati„
408 3959 463 4025 Sic
485 3982 536 4022 me
559 3957 639 4021 deus
660 3956 793 4022 adiuvet
815 3965 847 4021 et
868 3967 981 4023 saneta
1001 3957 1055 4021 dei
1074 3956 1283 4044 euangelia.“

368 4151 415 4211 15.
437 4162 484 4207 nn
507 4159 623 4207 ponus
644 4157 918 4232 uouasrsurmu
938 4157 1207 4207 nmumrronus
1230 4159 1275 4204 nr
1297 4154 1546 4218 mrsmroxss.

237 4325 242 4327 -
323 4278 404 4343 Item
416 4276 524 4342 mdlus
536 4276 662 4340 actione
671 4273 723 4339 vel
740 4273 871 4357 ultione,
890 4296 949 4361 per
968 4296 1002 4338 se
1019 4273 1070 4340 vel
1089 4296 1148 4361 per
1167 4273 1275 4355 alium,
1292 4271 1414 4338 directe
1431 4270 1486 4336 vel
1501 4271 1661 4352 indirecte,

199 4387 232 4442 35
244 4377 345 4442 verbo
361 4377 413 4441 vel
426 4378 511 4442 facto
523 4375 577 4440 vel
594 4395 786 4462 quocunque
803 4373 866 4438 alio
880 4373 976 4438 modo
991 4375 1127 4460 impetat
1141 4372 1194 4437 vel
1208 4372 1358 4438 molestet
1378 4369 1520 4457 aliquem
1540 4369 1582 4436 dc
1601 4391 1661 4434 ma·

243 4479 354 4561 gistris
365 4477 416 4541 vel
433 4474 709 4542 examinatoribus
722 4496 782 4559 pro
793 4496 842 4555 eo,
859 4473 946 4560 quod
962 4473 1103 4561 aliquem
1119 4472 1159 4537 de
1176 4474 1244 4537 suis
1264 4471 1306 4536 ad
1328 4470 1468 4558 gradum
1487 4469 1660 4557 magisterii

244 4577 296 4641 vel
309 4599 446 4644 examen
457 4599 498 4640 ex
509 4597 608 4640 causa
619 4573 804 4639 rationabili
820 4596 884 4637 non
901 4572 1032 4637 admisit
1047 4572 1099 4637 vel
1116 4573 1220 4637 eciam
1241 4570 1377 4636 eundem
1393 4573 1487 4635 iuxta
1504 4571 1660 4636 eonscien-

242 4679 325 4741 cium
349 4699 440 4740 suam
462 4685 493 4739 et
515 4677 731 4739 iuramentum
753 4672 923 4759 impedivit
949 4671 1001 4736 vel
1031 4683 1196 4758 tamquam
1221 4671 1391 4756 indignum
1418 4671 1539 4735 reiecit
1583 4669 1659 4735 con·

245 4778 380 4840 trarium
399 4777 522 4840 faciens
543 4773 629 4838 ultra
650 4782 775 4837 reatum
803 4773 954 4858 periurii,
976 4771 1064 4858 quod
1089 4774 1162 4859 ipso
1190 4772 1276 4836 sacto
1303 4770 1457 4852 incurrit,
1480 4780 1514 4834 et
1541 4778 1658 4834 eentum

199 4885 233 4940 to
242 4875 435 4940 florenorum
458 4896 607 4961 poenam,
629 4894 767 4958 quorum
788 4871 945 4936 medietas
967 4871 1062 4936 cedat
1082 4871 1129 4935 illi
1150 4870 1202 4935 vol
1223 4869 1297 4954 illis,
1322 4892 1419 4957 quem
1439 4868 1493 4935 vel
1517 4891 1597 4957 quos
1617 4867 1657 4930 sie

244 4975 451 5060 impetit'aut
472 4973 638 5056 molestat,
661 4973 725 5037 alia
745 4971 902 5035 medietas
925 4971 1020 5036 cedat
1044 4970 1206 5054 facultati,
1230 4971 1328 5049 etiam
1349 4979 1508 5058 perpetue
1529 4992 1550 5034 a
1570 4964 1657 5032 facul·

199 5097 325 5105 -—-——-

328 5144 337 5193 l
357 5137 544 5195 Gesohrieben
563 5138 636 5192 steht
652 5137 703 5191 vel.
