3810 6150
694 459 745 509 Die
763 459 881 510 Statuten
900 473 953 509 ron
974 458 1151 511 lna-1435.
1580 458 1637 523 187

257 649 306 709 48.
327 659 374 706 DE
396 659 684 709 compararemus
705 659 874 710 racemus
896 660 963 706 PER
985 657 1227 707 PRAEPOSI'I'UM
1248 657 1376 704 DANDlS
1396 657 1441 702 ΕΤ
1461 656 1510 703 DE
1532 654 1613 703 CON-

759 718 848 807 simo
870 759 1108 807 AEDITUORUM.

299 875 394 939 Anno
416 873 702 941 MOOOGXXXII
724 875 754 940 d.
779 882 825 940 11.
847 875 1021 940 Februarii
1050 883 1204 939 statutum
1229 873 1290 937 fuit
1316 883 1349 936 et
1375 869 1560 936 conclusum
1583 892 1642 957 per

217 997 327 1040 ornnes
347 975 531 1059 magistros,
554 973 639 1061 quod
659 973 794 1059 quilibet
813 977 1017 1061 praepositus
1033 983 1161 1039 tenetur
1176 972 1347 1059 diligenter
1360 973 1534 1057 respicere,
1556 968 1642 1057 quod

217 1075 433 1161 competentia
460 1073 584 1138 fereula
604 1075 770 1160 magistris
793 1098 853 1160 pro
876 1096 989 1139 mensa
1015 1073 1132 1139 dentur
1161 1082 1192 1137 et
1217 1072 1303 1156 quod
1325 1070 1432 1136 debite
1461 1069 1640 1156 decoquan·
1667 1077 1684 1133 5

217 1184 269 1239 tur
291 1183 324 1239 et
345 1172 591 1238 distribuantur.
634 1174 778 1239 Tenetur
806 1175 902 1239 etiam
931 1174 1122 1259 aliquotiens
1148 1174 1182 1238 in
1210 1194 1320 1237 mense
1348 1192 1419 1235 cum
1447 1169 1586 1234 aedituis
1613 1179 1644 1232 et

220 1273 343 1338 aeditui
372 1295 445 1337 cum
471 1274 543 1359 ipso
570 1282 713 1338 tractare
733 1273 775 1337 de
803 1273 998 1339 ferculorum
1025 1272 1180 1359 qualitate
1208 1279 1239 1335 et
1267 1272 1445 1359 quantitate
1473 1279 1505 1333 et
1533 1290 1643 1333 eorum

217 1373 476 1439 informationem
505 1374 594 1456 sequi
623 1374 838 1460 praepositus.
880 1372 1006 1453 Quare¹
1035 1371 1157 1437 aeditui
1184 1371 1277 1435 iuxta
1305 1393 1414 1434 eorum
1444 1367 1642 1434 distributio-

216 1473 306 1537 nem²
332 1481 481 1536 tenentur
502 1473 611 1558 ipsum
636 1470 774 1536 fideliter
794 1471 835 1537 de
856 1471 1038 1538 huiusmodi
1060 1469 1214 1560 qualitate
1234 1479 1266 1534 et
1288 1469 1467 1555 quantitate
1493 1490 1532 1534 ac
1553 1467 1641 1532 aliis³

216 1571 400 1653 informare,
425 1571 546 1635 aeditui
568 1572 677 1654 etiarn,
704 1571 863 1636 collectim
884 1571 936 1635 vel
957 1570 1087 1636 divisim
1108 1570 1266 1657 requisiti,
1290 1591 1388 1655 super
1409 1567 1537 1633 defectu
1555 1590 1641 1632 men·
1654 1579 1684 1632 10

217 1694 272 1737 sac
293 1670 346 1735 vel
373 1668 500 1757 collegii
530 1670 677 1735 similiter
698 1673 920 1757 praepositum
947 1669 1085 1734 fideliter
1112 1669 1297 1750 informare,
1326 1679 1361 1732 ut
1381 1666 1567 1733 huiusmodi
1588 1666 1642 1731 de·

217 1771 330 1852 fecum,
351 1770 543 1857 quantocius
565 1779 687 1857 potest,
708 1769 903 1835 emendetur.
943 1768 1086 1834 Tenetur
1107 1769 1205 1834 etiam
1226 1769 1429 1855 praepositus
1451 1766 1533 1832 tales
1556 1765 1642 1831 aedi·

218 1877 289 1934 tuos
312 1869 482 1935 caritative
503 1877 630 1936 etcum
651 1870 815 1958 pacientia
834 1869 957 1936 audue.

300 2039 349 2100 49.
376 2053 423 2100 ΒΕ
444 2053 638 2102 LABORIBUS
661 2038 911 2102 MAGISTRORUM
932 2053 979 2100 DE
1000 2052 1095 2100 Novo
1119 2050 1322 2100 consumuat
1342 2051 1567 2100 mansurum.

299 2167 395 2233 Anno
424 2167 710 2236 MOOOOXXXV
736 2169 770 2232 in
804 2171 1032 2257 praepositura
1063 2168 1107 2233 Μ.
1137 2169 1182 2233 Io.
1212 2167 1428 2234 Ermelreichs
1457 2165 1640 2232 conclusum
1653 2176 1683 2230 15

219 2268 292 2350 fuit,
322 2265 409 2355 quod
433 2267 569 2355 quilibet
597 2267 638 2334 de
662 2290 746 2334 novo
775 2269 900 2333 intrans
928 2267 1099 2354 collegium
1124 2267 1231 2354 legere
1257 2277 1313 2332 aut
1337 2266 1504 2354 disputare
1526 2254 1643 2331 debeat

219 2369 251 2432 in
283 2366 455 2451 auditorio,
489 2366 644 2455 quamdiu
674 2390 829 2454 praesens
861 2366 958 2432 fuerit
990 2367 1024 2431 in
1056 2367 1202 2453 collegio,
1234 2367 1297 2431 nisi
1329 2368 1363 2431 in
1395 2365 1459 2430 alia
1489 2364 1642 2430 facultate

219 2467 354 2553 legeret,
385 2477 441 2532 aut
472 2468 560 2533 senio
590 2476 647 2532 aut
672 2467 790 2531 virium
819 2466 985 2531 debilitate
1017 2477 1221 2551 gravaretm,
1252 2475 1308 2531 aut
1337 2465 1418 2529 alias
1447 2469 1644 2551 competeret

221 2567 328 2653 legere
349 2589 414 2632 non
435 2569 557 2654 posse⁴,
580 2564 640 2632 sub
655 2587 761 2652 poena
782 2567 944 2631 carentiae
965 2567 1125 2652 portionis
1147 2588 1234 2648 suae,
1254 2586 1419 2653 quousque
1440 2565 1501 2629 hoc
1522 2566 1642 2629 l'ecerit.

611 2740 662 2800 50.
684 2750 731 2796 ns
752 2749 905 2799 ruarmo
928 2749 1012 2798 novr
1033 2750 1253 2798 connsomrr.
1651 2741 1685 2796 20

300 2867 382 2931 ltem
405 2863 588 2930 conclusum
610 2865 680 2946 fuit,
700 2864 788 2950 quod
810 2863 944 2952 quilibet
965 2864 1006 2929 de
1027 2887 1111 2930 novo
1131 2867 1256 2930 intrans
1279 2865 1449 2950 collegium
1472 2863 1642 2952 prandium

224 2989 313 3030 suum
334 2987 396 3052 pro
417 2962 553 3048 collegio
574 2963 653 3028 dare
676 2963 774 3029 debet
795 2963 881 3028 infra
901 2965 1042 3050 primum
1062 2986 1203 3029 mensem
1226 2967 1275 3029 sui
1298 2966 1448 3030 introitus
1463 2963 1523 3029 sub
1538 2986 1643 3050 poena

222 3066 384 3129 carentiae
405 3064 564 3149 portionis
586 3080 674 3128 suae.

406 3220 409 3225 ’
428 3236 477 3297 51.
499 3246 633 3294 suasus
655 3244 789 3306 assuas
811 3246 1096 3295 amarussosmus
1117 3248 1189 3295 nou
1210 3248 1351 3295 nessus
1372 3247 1507 3297 nocuas.

302 3364 384 3428 ltem
404 3361 518 3428 eodem
539 3384 623 3426 anno
644 3360 679 3425 in
699 3363 840 3427 crastino
862 3364 965 3426 sancti
986 3361 1120 3427 Martini
1144 3363 1329 3427 conclusum
1356 3364 1429 3442 fuit,
1457 3362 1544 3449 quod
1564 3361 1682 3425 bur-25

222 3486 275 3530 sae
298 3462 428 3549 collegii
449 3460 575 3547 absque
593 3458 838 3527 fideiussoribus
860 3459 941 3524 nulli
962 3461 1118 3528 deberent
1137 3463 1250 3529 locari.

303 3816 461 3876 Hierasos
489 3816 633 3894 spriapea
661 3816 708 3874 die
729 3816 992 3893 Niederscbristen
1020 3817 1146 3894 sopleiclr
1172 3823 1234 3892 aas
1255 3820 1311 3877 dos
1339 3817 1420 3877 Jalrr
1451 3818 1526 3879 1147
1555 3814 1644 3885 albem

223 3915 374 3977 auts‘a'rlicb
396 3914 467 3973 sind
486 3916 534 3977 die
555 3915 804 3994 einpezeiclmeten
821 3916 998 3976 Bescllt's'sae
1011 3922 1124 3992 fortan
1143 3936 1202 3975 aar
1223 3936 1279 3974 raon
1301 3918 1641 3994 sortiteryelteaderBe-

224 4019 361 4091 deutuaffi
389 4015 430 4072 da
451 4015 604 4074 nutitrlicb
632 4015 807 4092 diejeniyea‚
836 4016 942 4098 welche
969 4016 1182 4075 statutarisclre
1202 4003 1377 4094 Bedeutuap
1398 4018 1509 4088 hatten,
1531 4021 1643 4091 sortem

225 4115 255 4173 in
282 4116 339 4173 das
363 4113 441 4176 1439
468 4115 619 4192 angelopte
647 4114 858 4174 Statutenbucb
887 4114 1077 4192 eiaqetrupea
1102 4117 1233 4176 wardan.
1272 4117 1357 4175 Docb
1376 4116 1483 4194 studea
1509 4115 1571 4173 sict
1599 4114 1643 4172 bei
1650 4119 1684 4174 ³0

230 4214 319 4292 Voqel
337 4213 415 4271 aaut
436 4218 541 4289 spdter
559 4216 632 4273 acela
653 4218 715 4287 aas
736 4213 946 4290 einyelefteten
967 4217 1109 4273 Blct'ttera
1130 4216 1202 4272 oder
1223 4217 1300 4274 caeli
1318 4214 1461 4274 zwisalten
1484 4216 1541 4273 deu
1562 4213 1642 4272 aori-

221 4333 276 4390 cen
297 4312 526 4389 Mittlreilunpen
547 4313 682 4386 Notizen,
709 4312 757 4371 die
777 4313 809 4372 in
829 4313 876 4371 die
896 4313 964 4372 Zeit
982 4333 1037 4372 vor
1062 4315 1139 4378 1439
1158 4315 1297 4391 qeltb'ren·
1338 4314 1391 4373 Ich
1412 4321 1497 4391 trayc
1517 4314 1559 4372 εἶθ
1579 4313 1643 4372 Mer

223 4411 402 4488 constdndiq
423 4412 510 4482 nael,
531 4431 579 4469 um
599 4430 657 4470 von
682 4413 747 4470 dem
768 4412 811 4470 bis
831 4433 896 4471 zum
915 4414 1012 4475 dabre
1035 4413 1114 4476 1439
1134 4414 1398 4491 Ausqezeicbaetea
1416 4413 1512 4471 uiolata
1536 4432 1641 4472 austu-

223 4514 344 4570 lassen.·
357 4571 360 4575 ‚
373 4509 433 4569 Die
454 4509 715 4588 Ausaelcbaunpen
737 4511 792 4569 seit
817 4514 894 4577 1439
907 4512 1013 4590 finden
1036 4533 1084 4571 arn
1100 4515 1299 4590 passendstea
1321 4515 1405 4572 ibren
1419 4513 1508 4571 Platz
1528 4513 1560 4572 in
1580 4517 1643 4573 dem

224 4612 340 4689 Baadc,
367 4597 422 4669 der
447 4609 494 4684 die
520 4611 765 4685 pescbiclrtliclsen
797 4612 922 4677 Quellea
949 4614 1099 4670 eatbaltea
1121 4613 1208 4672 wird.
1252 4615 1294 4671 Es
1316 4613 1386 4671 sind
1408 4613 1440 4671 ia
1461 4614 1564 4690 Vopels
1585 4615 1684 4677 rto-35

224 4709 331 4784 aobm'jl
352 4718 427 4767 elwa
449 4709 469 4771 9
489 4707 693 4774 Foliobld’tter.

309 4877 319 4926 1
340 4869 527 4927 Gesohrieben
545 4869 620 4926 steht
631 4871 792 4942 praepositi
806 4889 895 4941 qrsam.
928 4870 1076 4928 Vielleicht
1093 4872 1208 4944 aprique,
1227 4873 1282 4943 vgl.
1299 4876 1385 4928 unten
1405 4876 1516 4941 19131.

306 4958 322 5010 2
339 4953 486 5025 Riohtlgar
501 4953 574 5010 wohl
592 4954 790 5020 dinaniensis,
807 4955 864 5026 vgl.
882 4960 967 5010 untau
987 4960 1041 5023 191,
1058 4960 1098 5012 35.

306 5043 322 5094 3
340 5035 484 5093 Hiernach
500 5039 537 5092 ist
545 5039 670 5107 fideliter
687 5039 853 5096 wiederholt.

306 5128 322 5180 ⁴
341 5121 528 5180 Geschrieben
545 5122 619 5179 steht
633 5131 735 5194 posset.
