3756 6158
262 470 322 534 580
778 465 829 514 Die
848 461 1000 526 juristischs
1022 462 1151 513 Faculttt.

286 700 374 749 Post
398 697 540 746 Examen
560 696 750 744 LEGANTUR
772 694 1000 743 Baccanansso
1023 693 1231 743 susscnlt’rs
1255 691 1468 756 capturum,
1492 691 1585 751 Quen

584 796 776 843 suffocans
800 795 895 842 Manu
918 794 1142 843 Pnom‘r‘rnms
1164 793 1288 840 DEBET.

307 949 364 994 vn.
388 930 500 994 Primo
521 927 607 1016 quod
630 937 751 992 statuta
772 928 938 993 facultatis
960 928 1118 992 iuridicae
1138 925 1272 991 firmiter
1295 923 1373 989 velit
1396 924 1585 990 observare.

342 1031 423 1095 Item
446 1029 532 1116 quod
558 1027 744 1092 doctoribus
764 1026 911 1091 eiusdem
932 1026 1095 1091 facultatis
1118 1033 1149 1088 et
1171 1025 1364 1111 praesertim
1376 1027 1443 1089 suis
1454 1024 1681 1089 examinatori-

217 1140 233 1194 5
261 1129 367 1194 busin
381 1128 478 1193 licitis
500 1138 531 1192 et
553 1127 695 1192 honestis
715 1125 793 1191 velit
815 1126 948 1191 obedire
969 1137 1001 1190 et
1022 1124 1144 1190 eisdem
1163 1125 1378 1188 reverentiam
1401 1133 1433 1188 et
1454 1123 1612 1188 honorem
1632 1145 1681 1186 ex·

259 1227 371 1293 hibere
390 1227 596 1313 condignum.

348 1329 429 1393 Item
452 1324 539 1413 quod
560 1323 696 1390 eandem
717 1323 901 1389 facultatem
925 1322 1017 1404 velit,
1046 1322 1089 1388 ad
1116 1344 1337 1409 quemcunque
1367 1332 1487 1388 statum
1511 1321 1681 1403 devenerit,

265 1425 402 1491 fideliter
424 1447 624 1511 promovere.

343 1526 423 1590 Item
445 1522 532 1611 quod
554 1532 630 1610 post
652 1523 887 1609 promotionem
908 1543 999 1584 suam
1019 1519 1052 1583 in
1072 1517 1326 1584 baccalariatum
1347 1519 1427 1585 velit
1458 1532 1547 1587 stare
1570 1524 1603 1586 in
1623 1523 1680 1586 ista

222 1636 253 1691 10
264 1625 474 1689 universitate
494 1646 553 1710 per
574 1621 740 1686 biennium
764 1632 797 1686 et
823 1620 932 1705 legere
961 1628 1109 1706 quartum
1137 1617 1345 1683 decretalium
1372 1631 1428 1685 aut
1458 1632 1566 1686 certos
1589 1619 1682 1685 libros

261 1724 509 1804 institutionum,
529 1720 580 1786 vel
605 1719 729 1808 aliquid
751 1719 963 1807 aequivalens
985 1717 1161 1782 secundum
1183 1716 1381 1783 voluntatem
1411 1718 1598 1801 doctorum,
1627 1720 1683 1783 nisi

264 1845 360 1909 super
382 1820 434 1886 his
457 1833 512 1886 aut
533 1820 640 1905 aliquo
661 1821 915 1907 praemissorum
937 1841 1010 1882 cum
1031 1840 1069 1883 eo
1091 1816 1189 1881 fuerit
1211 1815 1462 1904 dispensatum.¹

201 2016 227 2073 0
503 2017 538 2106 [S
575 2016 631 2106 tu]
654 2035 701 2082 ns
723 2034 823 2083 nono
846 2033 1076 2082 msuaussnm
1098 2033 1169 2082 cun
1191 2033 1437 2082 nrcnncmuno.

347 2189 419 2235 vm.
443 2169 587 2252 Placuit,
620 2168 706 2256 quod
732 2177 846 2254 petens
876 2168 979 2253 recipi
1010 2166 1053 2230 ad
1075 2166 1243 2231 licenciam
1266 2176 1412 2253 tempore
1434 2167 1684 2253 dispensationis

224 2269 372 2336 rosolvat
393 2278 465 2335 octo
486 2269 596 2333 floren.
618 2269 650 2332 in
675 2291 754 2334 auro
775 2290 834 2354 pro
857 2265 1036 2331 defectibus
1066 2265 1151 2346 suis,
1178 2267 1261 2329 inter
1286 2264 1437 2330 doctores
1468 2265 1598 2353 collegii
1618 2277 1685 2331 actu

264 2381 412 2453 regentes
435 2366 613 2455 aequaliter
636 2366 845 2448 dividendos,
874 2367 937 2429 nisi
969 2387 1003 2429 se
1033 2366 1125 2429 iuxta
1153 2374 1276 2430 statuta
1305 2360 1522 2452 complevisse
1545 2365 1685 2431 docuerit

265 2467 449 2548 evidentem
473 2476 505 2530 et
526 2467 573 2530 ita
594 2489 654 2552 per
676 2469 842 2553 antiquum
864 2487 987 2530 morem
1009 2488 1073 2530 non
1095 2464 1297 2550 gravabitur,
1328 2486 1392 2550 quo
1420 2464 1577 2529 videlicet
1598 2488 1684 2551 coge·

265 2567 362 2632 batur
383 2567 557 2652 unicnique
579 2564 748 2630 doctorum
770 2563 897 2652 collegii
921 2564 1047 2630 solvere
1066 2587 1162 2629 unum
1186 2563 1296 2629 floren.
1317 2587 1362 2630 re.

348 2784 506 2832 srsrurs
529 2783 770 2832 mcuucuunrs
793 2783 956 2830 raucone
977 2782 1259 2831 msrnnssrronrs
1281 2783 1326 2829 ur
1348 2783 1441 2831 auru
1463 2784 1608 2832 susum

224 2872 257 2930 20
734 2882 898 2930 uncanns
922 2883 968 2928 ur
990 2882 1219 2930 rusnrcauna

349 3034 394 3081 lx.
416 3015 655 3082 Licenoiandus
677 3015 710 3079 in
731 3015 801 3079 iure
823 3013 920 3079 debet
941 3038 1012 3080 esse
1032 3017 1208 3102 inscriptus
1230 3015 1419 3080 matriculae
1440 3016 1540 3082 buius
1562 3019 1683 3082 univer·

268 3116 385 3198 sitatis,
409 3126 441 3182 et
453 3126 621 3204 promotus
644 3138 664 3179 a
685 3114 821 3199 collegio
845 3112 1013 3179 doctorum
1035 3114 1077 3178 ad
1097 3114 1235 3201 gradum
1251 3114 1490 3180 baccalariatus
1513 3119 1548 3180 in
1569 3119 1683 3181 iurein

267 3214 377 3301 aliqua
399 3219 609 3281 universitate
632 3213 831 3301 approbata,
854 3225 885 3277 et
907 3213 1071 3278 audivisse
1092 3215 1243 3280 lectiones
1265 3214 1299 3277 in
1320 3216 1391 3279 iure
1407 3225 1485 3301 post
1506 3214 1682 3280 huiusmodi

269 3314 406 3400 gradum
427 3314 665 3379 baccalariatus
688 3336 707 3378 a
730 3311 916 3377 doctoribus
939 3311 1114 3377 sallariatis
1137 3335 1196 3400 per
1216 3311 1297 3377 duos
1319 3336 1422 3379 annos
1443 3317 1622 3380 continuos.

226 3421 258 3476 25
351 3438 382 3478 x.
403 3415 485 3480 item
507 3412 603 3477 debet
625 3436 695 3477 esse
716 3411 821 3475 bonae
842 3411 966 3493 famae,
995 3413 1112 3498 integri
1146 3422 1264 3493 status,
1295 3412 1451 3478 honestae
1473 3417 1682 3479 conversatio·

268 3514 318 3576 nis
339 3525 371 3577 et
393 3513 432 3578 de
455 3513 597 3598 legitimo
619 3512 821 3575 matrimonio
843 3521 945 3576 natus,

352 3631 398 3676 x1.
419 3614 510 3694 Item,
533 3622 706 3698 antequam
728 3609 917 3673 admittatur
940 3611 982 3674 ad
1005 3633 1151 3691 examen,
1173 3611 1277 3697 primo
1301 3609 1399 3675 debet
1421 3611 1548 3699 aliquid
1571 3613 1681 3700 legisse

269 3713 300 3776 in
322 3712 462 3792 decreto,
486 3719 565 3797 puta
587 3733 684 3774 unam
706 3730 838 3772 causam
861 3709 911 3773 vel
935 3709 1026 3790 duas,
1057 3718 1112 3773 aut
1134 3709 1256 3795 aliquot
1275 3709 1502 3776 distinctiones
1524 3712 1558 3775 in
1580 3711 1682 3775 eodem

271 3811 321 3878 vel
344 3805 662 3896 unamle[1l]gem,
686 3808 768 3871 siin
791 3807 879 3872 civili
900 3807 952 3872 vel
975 3819 1109 3895 utroque
1130 3811 1208 3893 iure,
1231 3833 1327 3874 unam
1350 3808 1518 3897 publicam
1539 3822 1571 3875 et
1592 3810 1682 3875 solen·

226 3922 260 3978 30
272 3935 343 3976 nem
366 3911 589 3997 repetitionem
601 3910 622 3972 ².

351 4010 479 4074 Deinde
501 4008 592 4073 addit
613 4009 761 4072 dominus
794 4006 996 4070 ordinarius:
1040 4007 1154 4088 „Licet
1177 4019 1298 4091 autern,
1324 4009 1454 4074 domiue
1481 4010 1683 4090 licenciande,

267 4133 332 4175 non
354 4112 551 4195 ignoremus,
573 4130 671 4172 unum
695 4104 873 4170 alterumve
896 4129 938 4170 ex
959 4105 1010 4170 his
1032 4107 1238 4193 praestandis
1260 4108 1408 4191 deficere,
1430 4123 1539 4174 tamen
1554 4114 1682 4189 veniam,

269 4233 365 4297 quarn
389 4209 521 4294 petiisti,
544 4231 607 4272 non
629 4207 837 4291 denegamus,
860 4205 917 4269 scd
940 4205 1118 4292 superbis,
1140 4207 1431 4291 quaetibiadhuc
1458 4209 1575 4274 deesse
1605 4210 1683 4273 vide

267 4310 395 4390 bantur,
419 4307 571 4389 breviter,
594 4316 735 4369 attamen
754 4303 863 4368 valide
886 4314 982 4388 atque
1003 4304 1155 4391 legitime,
1177 4315 1209 4370 te
1230 4306 1489 4392 dispensamus.“

225 4418 258 4474 35
351 4406 746 4491 xl1.Examineaperto,
775 4415 948 4490 antequam
976 4403 1196 4470 licenciandus
1218 4407 1437 4489 examinetur,
1476 4406 1575 4473 debet
1595 4407 1684 4496 depo·

267 4529 344 4572 nere
366 4503 455 4591 apud
480 4503 626 4569 doctores
646 4523 694 4569 xx
718 4502 828 4568 floren.
851 4505 884 4567 in
904 4526 982 4569 auro
1005 4514 1060 4569 aut
1082 4504 1305 4592 aequivalens,
1332 4506 1368 4569 in
1395 4505 1555 4574 alterutro
1577 4511 1683 4573 iuriurn

274 4853 280 4865 Ι
355 4775 365 4824 l
387 4769 531 4824 Hiernach
549 4768 599 4822 hat
617 4767 744 4822 Hommel
763 4769 871 4824 auden
888 4768 971 4822 Rand
989 4767 1183 4840 geschriebcn:
1202 4771 1312 4824 Dextra
1329 4773 1420 4828 datar.
1456 4771 1569 4827 Deinde
1585 4781 1684 4827 ercam

267 4871 297 4904 ²⁷³
313 4870 420 4992 winili
436 4855 533 4993 dibsen
553 4937 668 4992 Worten
688 4937 778 4991 steckt
797 4935 921 4991 offenbar
937 4937 982 4991 ein
999 4936 1113 5009 Fehler3
1132 4938 1203 4993 deun
1222 4956 1252 4993 so
1269 4937 1358 5010 geben
1375 4939 1416 4995 sie
1427 4940 1532 4998 keinen
1543 4942 1681 5014 gehtirigen

265 5017 343 5156 fisllm
371 5021 426 5074 und
451 5021 541 5076 binter
563 5028 678 5090 atroque
701 5022 761 5074 iare
778 5020 843 5074 vird
870 5019 996 5076 iiberdies
1021 5023 1146 5076 vermisst
1162 5023 1220 5077 vult
1232 5026 1395 5094 promoueri
1411 5025 1480 5081 oder
1499 5032 1585 5084 etwas
1602 5027 1680 5084 sehr

285 5119 356 5159 ces.
