3756 6158
587 487 671 536 Drittc
690 486 954 551 sumtcmcdoction,
973 501 1025 536 vou
1048 482 1235 537 totth-uuo.
1557 487 1614 551 431

289 656 317 717 6.
338 651 497 716 Hortatur
517 649 682 714 facultatis
705 651 827 714 arcium
849 650 989 716 decanus
1011 674 1121 716 omnes
1143 660 1175 714 et
1195 647 1339 734 singulos
1361 649 1485 712 arcium
1503 646 1618 713 bacca·

204 748 307 814 larios
330 749 473 815 volentes
502 748 609 834 legere
635 752 668 813 in
696 747 810 813 diebus
841 748 1078 815 canicularibus
1105 748 1258 814 lectiones
1284 746 1355 812 loco
1381 746 1619 832 completionis,

209 858 369 935 quatenus
391 870 464 913 cras
484 847 565 912 hora
584 848 634 912 XI
648 850 682 913 in
697 847 791 913 stuba
803 847 965 912 facultatis
981 850 1173 914 conveniant
1188 846 1230 912 ad
1242 844 1462 933 recipiendum
1475 844 1619 927 lectoria,

204 947 267 1012 sub
291 969 396 1034 poena
417 948 594 1012 cosenciae.
617 946 739 1012 Datum
755 969 838 1012 anno
861 946 981 1011 domini
1005 953 1083 1016 1480
1106 946 1158 1012 die
1177 947 1248 1033 xiiij
1261 947 1380 1009 mensis
1392 943 1471 1009 Julii
1488 947 1619 1026 (148011.

207 1052 254 1113 14.
282 1043 373 1132 Juli),
394 1046 569 1111 decanatus
595 1045 654 1111 sub
675 1045 790 1132 sigillo.
1643 1055 1660 1107 5

299 1366 367 1440 Auf
383 1367 437 1423 der
458 1365 581 1424 funerea
602 1365 678 1423 Seite
700 1367 751 1423 des
771 1367 919 1423 vorderen
940 1365 1065 1424 Decltcls
1086 1368 1139 1424 des
1159 1365 1412 1435 Statutmluchea,
1434 1364 1555 1421 welches
1574 1364 1619 1421 be·

208 1465 366 1522 konntliclr
386 1465 587 1542 qeqcnwo‘rtiq
608 1462 786 1522 siimmtlichc
806 1463 902 1522 liciter
923 1465 1116 1542 abqedruelte
1136 1464 1276 1523 Statutea
1310 1465 1423 1522 metult
1451 1456 1517 1543 (mit
1546 1464 1620 1521 Aus-

213 1566 320 1622 aalma
342 1564 396 1621 der
415 1563 574 1638 Entwilrfe
594 1583 651 1622 voa
672 1564 749 1627 1443
769 1563 812 1620 tis
837 1561 941 1641 1446),
961 1563 1027 1622 licet
1048 1584 1118 1622 mun
1128 1565 1271 1641 folqende
1291 1564 1398 1622 Notis:

291 1740 360 1806 Sub
382 1739 542 1809 decanatu
562 1741 758 1808 venerabilis
779 1742 842 1806 riri
871 1764 910 1807 ac
937 1741 1075 1826 domiui,
1105 1743 1254 1829 magistri
1281 1743 1418 1808 Honrici
1445 1741 1555 1808 Grave
1582 1740 1622 1806 de

207 1839 387 1926 Gottingen
415 1845 533 1918 (Decan
557 1846 634 1906 1499
642 1838 681 1926 ²),
703 1840 871 1906 amborum
892 1842 1009 1905 iurium
1031 1841 1217 1926 baccalarii,
1245 1843 1378 1908 maioris
1407 1839 1534 1928 collegii
1559 1839 1622 1906 col·
1632 1850 1663 1905 10

206 1938 328 2027 legisti,
357 1940 450 2005 huius
478 1939 600 2005 codicis
622 1949 741 2005 statuta
763 1951 836 2004 sunt
866 1942 900 2004 in
927 1939 1093 2006 meliorem
1129 1941 1273 2007 ordinem
1302 1954 1398 2026 aulus
1423 1941 1561 2006 formam
1590 1948 1623 2004 et

209 2040 375 2104 cummuni
405 2041 633 2125 magistrorum
652 2038 709 2103 *de
742 2038 874 2104 consilio
902 2039 1065 2105 facultatis
1093 2063 1252 2106 consensu
1293 2040 1491 2126 transposita
1526 2048 1621 2127 atque

207 2136 375 2220 ordinata,
404 2138 558 2202 resecatis
588 2137 759 2225 superfluis
788 2139 856 2205 sivo
882 2141 1026 2223 insuetis,
1054 2141 1255 2223 necessariis,
1277 2149 1312 2204 ut
1332 2136 1503 2203 videbatur
1522 2137 1620 2203 facul·

207 2240 267 2302 uti
289 2237 359 2318 toti,
385 2235 614 2323 superadditis,
637 2236 906 2323 quemadmodum
926 2238 960 2303 in
978 2261 1063 2305 novo
1085 2248 1277 2305 statutorum
1290 2237 1453 2303 facultatis
1467 2236 1551 2302 libro
1566 2237 1622 2302 ha·

208 2338 314 2421 betur,
336 2337 479 2402 comitum
501 2346 533 2400 et
552 2336 723 2401 invenitur.
1633 2346 1664 2402 15
