3756 6158
244 477 303 543 524
764 482 813 533 Dic
832 482 1051 547 philosophische
1071 480 1199 535 Facult‘tt.

245 662 396 744 caeteris3
420 663 469 725 sin
483 684 547 726 non
561 663 621 726 erit
636 665 784 750 magistri
802 667 905 752 copia,
928 663 1127 752 producatur
1150 688 1192 730 ex
1214 661 1384 751 discipulis
1406 661 1526 752 aliquis
1548 662 1666 747 iudicio

247 761 361 826 decani
382 770 563 841 eteorum,
586 783 666 847 quos
689 764 915 848 indicavimus.
958 764 1143 829 Praemium
1166 763 1394 829 declamatoris
1416 764 1497 847 erit,
1519 765 1666 850 magistri

245 859 375 946 quidem
400 859 553 925 vallensis
584 883 683 943 unus,
716 861 866 949 discipuli
888 886 965 928 vero
995 863 1191 929 dimidiatus.
1247 863 1394 951 Quisque
1427 885 1488 928 suo
1521 864 1667 927 semestri

247 959 390 1024 decanus
418 961 512 1024 unius
544 984 585 1024 ox
614 960 888 1047 disputationibus
920 962 1094 1028 ordinariis
1127 963 1255 1050 capita,
1288 984 1326 1027 ea
1359 985 1438 1027 cura
1471 971 1570 1049 atque
1600 961 1667 1026 dih·

203 1066 219 1121 5
247 1059 358 1222 gpntip
378 1058 556 1146 explicata,
579 1069 615 1126 ut
635 1070 723 1126 recte
747 1061 909 1151 divulgari
930 1084 1026 1150 posse
1047 1061 1235 1145 videantur,
1265 1061 1392 1128 curabit
1417 1085 1439 1127 a
1459 1060 1666 1148 typographo

247 1179 265 1222 e
289 1180 329 1222 en
353 1180 383 1223 a.

244 1374 292 1423 DE
312 1375 541 1428 Assmutrn‘rtt
563 1379 608 1425 ΕΤ
628 1380 833 1428 omasum
854 1381 897 1429 AO
919 1380 1001 1428 snut
1024 1381 1061 1428 lu
1081 1379 1230 1429 ruamus
1243 1378 1424 1429 nocuum
1437 1379 1666 1429 ratusratus

717 1481 762 1527 ΕΤ
785 1480 920 1529 LIBERIS
941 1480 1046 1529 notus
1067 1480 1190 1529 mutua.
1258 1491 1261 1496 ’

859 1599 964 1662 Caput
982 1599 1054 1650 VIII.

205 1719 236 1773 to
328 1709 481 1775 Publicae
512 1709 677 1778 doctrinae
708 1714 907 1800 professores
940 1735 1074 1800 operam
1105 1711 1153 1776 illi
1176 1679 1244 1777 suo
1271 1711 1408 1798 quisque
1437 1708 1509 1775 loco
1546 1709 1667 1775 dabunt

246 1809 416 1895 diligenter
438 1821 469 1874 et
490 1810 636 1875 fideliter.
680 1813 722 1877 Ni
743 1813 893 1894 fecerint,
915 1811 1114 1878 dissimulari
1135 1811 1176 1876 ab
1198 1812 1239 1874 iis
1262 1809 1341 1891 hoc,
1368 1831 1508 1896 quorum
1532 1818 1583 1875 est
1603 1811 1666 1874 ani·

243 1909 443 1992 madversi0,
476 1933 541 1975 non
572 1909 674 1976 debet.
730 1911 856 1992 Quibus
879 1910 1009 1998 quidem
1032 1909 1145 1975 diebus
1161 1909 1342 1975 >intermitti
1363 1908 1466 1974 liceat
1487 1908 1665 1974 docuinam

244 2008 405 2096 publicam
416 2059 425 2092 ,
448 2008 664 2096 descriptione
685 2011 839 2075 feriarum
862 2010 1053 2098 explicatur.
1101 2009 1230 2077 Causae
1252 2017 1360 2073 autem
1382 2031 1448 2074 non
1472 2009 1665 2096 repraehen-

246 2109 371 2174 dendae
392 2110 650 2192 intermissionis,
678 2119 752 2194 ante
778 2111 875 2175 etiam
897 2112 1001 2176 iustae
1023 2111 1123 2192 visae,
1151 2118 1225 2175 sunt
1249 2109 1456 2174 necessariae
1478 2110 1664 2196 peregrina·

207 2210 342 2275 tttionis
372 2219 403 2273 et
425 2210 666 2295 aegrotationis.

328 2305 372 2396 [S.
395 2305 446 2396 20]
479 2308 571 2389 Quae
591 2319 697 2373 autem
723 2308 824 2373 horae
846 2307 997 2395 publicae
1018 2320 1050 2373 et
1070 2307 1255 2373 ordinariae
1276 2307 1445 2373 doctrinae
1473 2306 1665 2389 tribuuntur,

246 2410 286 2472 iis
309 2409 463 2494 privatim
487 2411 661 2492 magistros
684 2407 849 2495 explicare
872 2431 948 2472 suas
969 2406 1096 2472 scholas
1119 2430 1183 2473 non
1203 2416 1324 2472 temere
1345 2416 1394 2471 est
1416 2406 1664 2487 concedendum,

246 2531 285 2572 ac
307 2508 413 2594 potius
434 2506 623 2589 ridendum,
642 2517 678 2571 ut
699 2530 809 2572 omnes
829 2498 979 2593 'magistri
1002 2516 1132 2589 curent,
1157 2529 1177 2571 a
1204 2507 1270 2570 suis
1297 2504 1467 2592 discipulis
1490 2515 1664 2593 prosapta

246 2608 392 2693 ipsorum
422 2605 688 2693 frequentandam
721 2606 901 2671 doctrinam
931 2606 1106 2692 publicam.
1169 2605 1221 2671 De
1252 2627 1315 2692 quo
1327 2654 1336 2687 ,
1370 2607 1398 2669 si
1429 2627 1482 2669 res
1520 2604 1663 2692 postulet,

206 2713 240 2769 20
251 2705 358 2770 edicta
376 2715 528 2792 poterunt
548 2708 695 2792 proponi.

330 2803 457 2885 Quibus
479 2805 608 2893 quidem
633 2805 746 2871 diebus
770 2805 909 2870 etheris
932 2804 1062 2891 publice
1093 2802 1312 2890 disputabitur
1334 2812 1392 2869 aut
1420 2801 1661 2884 declamabitur,

246 2906 287 2968 iis
309 2906 396 2969 omni
424 2904 573 2980 doctrina
601 2905 666 2970 alia
693 2904 956 2992 supersedebitur
984 2916 1017 2969 et
1044 2904 1217 2970 studebunt
1244 2905 1409 2989 magistri,
1438 2901 1506 2967 illis
1534 2924 1661 2967 conven-

249 3003 334 3067 tibus
357 3005 512 3068 interesse
534 3028 608 3070 suos
629 3005 815 3091 discipulos.
858 3003 1013 3069 Similiter
1028 3003 1282 3089 theologicarum
1304 3002 1573 3091 disputationum,
1587 3022 1660 3086 quae

247 3101 377 3189 publice
399 3115 507 3180 erunt,
533 3104 733 3191 temporibus
757 3104 903 3169 doctrina
931 3101 1063 3189 publica
1090 3102 1327 3167 communitatis
1353 3110 1488 3168 nostras
1515 3101 1660 3166 intenuit·

205 3211 340 3284 25tetur,
361 3212 396 3266 ut
418 3202 461 3266 ad
482 3203 556 3268 illos
578 3202 731 3290 discipuli
759 3205 932 3267 convenire
952 3203 1087 3289 possint.
1130 3201 1280 3288 Denique
1309 3199 1351 3264 ad
1380 3222 1494 3265 omnes
1523 3199 1660 3266 solennes

247 3310 422 3367 conventus
449 3313 484 3366 ut
512 3325 609 3389 quam
638 3302 769 3388 plurimi
799 3311 1052 3387 congregentur,
1082 3299 1124 3365 ab
1155 3298 1304 3364 omnibus
1331 3321 1434 3386 opera
1459 3299 1607 3380 dabitur,
1635 3308 1661 3361 ct

248 3401 400 3488 quicquid
422 3401 551 3466 obstare
574 3413 692 3487 posset,
716 3424 778 3488 quo
801 3403 907 3464 minus
929 3401 991 3464 hoc
1011 3400 1077 3481 fiat,
1102 3421 1225 3463 summa
1247 3420 1326 3461 cura
1346 3398 1580 3464 removebitur.
1600 3399 1658 3462 De·

249 3524 347 3564 canus
359 3503 456 3566 etiam
469 3503 642 3586 magistros
654 3501 844 3583 hortabitur,
867 3510 903 3564 ut
916 3522 990 3563 suos
1003 3497 1179 3585 discipulos
1195 3497 1298 3561 sacris
1321 3498 1534 3562 concionibus
1558 3496 1658 3562 sedulo

251 3610 283 3664 et
314 3603 498 3688 frequenter
532 3599 664 3664 iubeant
694 3604 867 3682 interesse,
898 3609 929 3663 et
956 3598 1156 3663 assiduitatis
1188 3599 1251 3683 ipsi
1279 3619 1357 3661 suae
1384 3597 1572 3684 exemplum
1597 3620 1660 3683 pro·

206 3710 240 3766 30
252 3712 382 3787 ponant,
403 3700 490 3785 quod
505 3699 656 3786 discipuli
671 3701 843 3763 imitentur.
884 3698 1039 3784 Inprimis
1059 3708 1169 3762 autem
1189 3698 1340 3761 feriarum
1365 3695 1482 3761 diebus
1505 3709 1537 3761 et
1559 3706 1661 3785 quarto

249 3823 375 3887 quoque
401 3798 654 3863 ecclesiasticam
683 3801 966 3884 congregationem
988 3797 1152 3863 celebrare
1175 3818 1250 3860 suos
1273 3798 1409 3883 quisque
1431 3808 1585 3862 accurate
1605 3819 1660 3860 mo·

247 3899 346 3979 nebit,
368 3910 399 3962 et
420 3907 454 3962 ut
475 3898 540 3980 fiat,
563 3921 675 3962 severe
698 3897 850 3962 attendet.

570 4116 617 4162 Du
643 4114 814 4162 GRADIBUS
836 4114 1008 4161 HONORUM
1029 4111 1349 4161 scuoutsrlcoaou.

836 4213 838 4217 ι
877 4233 984 4295 Caput
1003 4232 1049 4280 lX.

208 4362 240 4416 35
338 4345 442 4435 [Ml]
469 4349 507 4412 In
521 4347 805 4412 communitatibus
820 4346 1021 4412 scholasticis
1035 4343 1130 4408 debet
1150 4341 1321 4427 diligenter
1343 4352 1376 4406 et
1397 4355 1553 4410 accurate
1571 4354 1666 4409 custo·

250 4451 313 4515 diri
341 4447 513 4533 disciplina
540 4447 709 4533 graduum.
752 4447 804 4511 Ea
832 4458 905 4511 sunt
932 4445 1117 4509 testimonia
1144 4441 1410 4529 progressionum
1440 4443 1475 4507 in
1506 4443 1620 4510 studiis
1638 4453 1664 4506 ct

249 4549 332 4615 tituli
359 4547 537 4633 dignitatis,
572 4569 655 4633 quae
682 4547 820 4611 conferri
850 4569 889 4610 ac
916 4542 1016 4607 tribui
1044 4541 1157 4607 ordine
1180 4541 1365 4627 curatione
1392 4540 1496 4608 decet.
1536 4542 1576 4608 Id
1596 4565 1664 4607 vero

249 4651 313 4714 nisi
333 4648 546 4735 inquisitione¹
561 4646 777 4732 praecedente
797 4646 869 4709 fieri
889 4644 1009 4728 nequit.

335 4747 417 4812 Sunt
438 4754 544 4809 autem
566 4745 630 4809 duo
652 4747 687 4809 in
708 4746 936 4810 communitate
963 4741 1062 4806 studii
1088 4740 1245 4805 bonarum
1273 4739 1393 4804 artium
1421 4743 1583 4828 propositi
1603 4763 1665 4828 grs-

210 4847 314 4913 tOdus
347 4846 525 4932 dignitatis,
559 4867 643 4908 unus
675 4843 936 4925 baculariorum,
967 4841 1048 4907 alter
1076 4840 1316 4925 magistrorum.
1368 4840 1408 4904 ln
1442 4843 1555 4927 priore
1585 4840 1665 4929 quasi

253 4947 394 5011 tirocinii
405 4943 563 5032 quaedam
587 4943 801 5008 consideratio
824 4953 882 5025 est,
903 4941 984 5006 alter
1007 4962 1167 5004 summam
1191 4937 1380 5024 dignitatem
1404 4939 1665 5028 compraehendit

251 5046 297 5111 Ut
320 5054 441 5125 autern,
469 5053 621 5128 quantum
651 5044 786 5129 quisque
816 5064 875 5128 pro
906 5064 964 5105 sua
990 5049 1084 5126 parte
1113 5038 1286 5124 profecerit
1315 5037 1496 5124 studendo,
1526 5038 1664 5126 cognosci

252 5156 340 5211 certo
363 5145 480 5229 possit,
503 5164 635 5206 necesse
656 5154 714 5223 est,
747 5145 786 5206 iis
808 5141 1047 5228 inquisitionem
1069 5160 1126 5202 seu
1147 5159 1283 5201 examen
1307 5138 1483 5225 committi,
1512 5143 1566 5228 qui
1584 5159 1664 5227 prae
