3756 6158
242 445 300 507 194
816 443 870 492 Das
892 457 984 505 grosse
1003 440 1107 505 colleg.

311 661 359 721 27·
381 673 428 719 Du
450 673 605 721 OERVISIA
628 673 853 719 COMPETENTI
871 674 941 720 PRO
962 671 1146 720 MAGISTRIS
1167 672 1201 718 IN
1224 671 1338 718 MBNSA
1359 671 1594 720 DISPONENDA.

324 805 405 868 Item
428 807 634 869 cervisiarius
653 805 826 890 provideat
848 805 888 868 de
910 806 1048 869 cervisia
1068 805 1262 889 competenti
1284 824 1344 888 pro
1366 801 1526 885 omnibus,
1545 804 1671 888 nequis

242 905 488 969 excusacionem
509 903 627 968 habeat
649 903 936 989 desingularitate
958 902 1091 968 bibendi
1114 904 1147 965 in
1169 924 1291 966 mensa.

240 1109 290 1171 28·
312 1121 359 1167 DE
380 1118 496 1166 POENA
518 1120 722 1168 OERVISIARII
743 1120 816 1168 NON
837 1120 1080 1168 coururnurls
1101 1120 1205 1167 mres
1227 1118 1433 1178 QUINDENAN
1454 1118 1545 1166 POST
1567 1119 1671 1167 slas!

202 1213 218 1266 5
849 1219 904 1267 sm
925 1219 1062 1267 ermen.

324 1335 408 1398 Item
429 1335 636 1399 cervisiarius
656 1335 743 1399 infra
764 1335 961 1421 quindenam
983 1336 1133 1423 proxime
1161 1342 1345 1418 sequentem
1373 1332 1471 1397 finem
1501 1354 1582 1396 snae
1610 1354 1671 1396 cer·

244 1435 421 1498 visiaturae
449 1441 575 1497 tenetur
602 1456 674 1497 cum
696 1432 811 1498 effectu
838 1435 1004 1499 racionem
1032 1435 1139 1499 facere
1168 1431 1375 1519 praecedenti
1403 1441 1435 1495 et
1463 1431 1615 1516 sequenti
1635 1429 1671 1495 de

245 1533 404 1620 expositis
426 1541 458 1596 et
478 1534 642 1619 perceptis
662 1555 741 1598 suae
761 1534 1004 1613 cervisiaturae,
1026 1532 1085 1597 sub
1102 1553 1209 1619 poena
1225 1532 1321 1595 unius
1342 1529 1466 1595 floreni-
1496 1529 1541 1594 Et
1562 1529 1670 1595 eedem

245 1655 352 1719 poena
371 1632 537 1718 respicere
559 1631 656 1724 debet
678 1642 929 1718 computatores,
952 1633 1139 1696 cervisiarie
1164 1653 1224 1717 pro
1246 1639 1394 1715 computo
1418 1628 1584 1694 audiendo
1606 1652 1672 1694 cou-

204 1743 237 1798 10
247 1731 431 1819 deputatos.
471 1731 523 1796 Ita
549 1743 657 1795 tamen
682 1731 778 1819 qued,
805 1733 832 1796 si
860 1733 967 1818 prima
989 1732 1171 1817 septimana
1192 1739 1268 1817 post
1288 1728 1485 1817 quindenam
1505 1750 1574 1794 non
1594 1750 1669 1793 eom·

245 1832 417 1918 putaverit,
441 1829 547 1895 solvat
568 1829 649 1895 duos
670 1830 820 1912 florenos,
849 1831 878 1894 si
901 1829 1045 1895 secunda
1062 1839 1139 1913 tres,
1162 1837 1223 1894 etc.
1243 1838 1486 1916 consequenter.
1526 1827 1575 1893 Et
1592 1827 1671 1892 idem

245 1931 285 1996 de
307 1927 585 2017 computatoribus
605 1939 657 1994 est
676 1928 927 2015 intelligendum.

267 2136 316 2196 29.
341 2150 389 2196 ms
410 2147 566 2195 onavrsm
587 2147 656 2193 rue
677 2144 958 2193 rnmcunsuruu
979 2144 1128 2193 arnrcrn
1148 2145 1194 2192 sr
1216 2145 1284 2192 run
1305 2144 1515 2205 sseunurnu
1538 2118 1651 2192 cunm·

788 2244 927 2291 snuuuu
949 2243 1130 2292 ommuni.

208 2374 239 2428 15
333 2363 414 2427 Item
439 2361 657 2442 cervisiarius,
680 2361 708 2424 si
730 2369 805 2446 post
825 2358 921 2426 finem
950 2361 999 2423 sui
1022 2359 1118 2424 officii
1140 2357 1283 2446 aliquam
1305 2359 1477 2424 cervisiam
1499 2357 1670 2445 reliquerit

247 2462 335 2527 illam
360 2482 497 2549 sequens
519 2481 637 2548 capere
659 2469 784 2523 tenetur
806 2467 838 2522 et
863 2456 926 2522 sibi
951 2458 1123 2544 pecuniam
1143 2466 1277 2539 tantam,
1301 2467 1454 2544 quantam
1477 2480 1537 2544 pro
1560 2478 1600 2522 ea
1622 2479 1670 2522 ex·

250 2563 373 2649 posuit,
403 2559 598 2648 persolvere.
639 2535 677 2624 bi
704 2570 812 2623 tamen
841 2558 1048 2622 cervisiarius
1076 2557 1228 2645 antiquus
1257 2555 1388 2642 aliquod
1408 2577 1469 2622 ves
1499 2558 1670 2644 propinare

248 2662 381 2747 incepit,
405 2668 531 2724 tenetur
552 2658 639 2722 idem
654 2679 756 2744 usque
777 2656 820 2721 ad
839 2655 935 2721 finem
958 2657 1156 2738 continuare,
1178 2656 1242 2720 nisi
1263 2653 1436 2742 collegium
1456 2655 1548 2721 aliud
1566 2655 1670 2720 decer·

248 2771 340 2826 neret
359 2757 554 2825 faciendum.

207 2968 240 3023 20
263 2963 312 3026 30.
333 2976 380 3024 nn
401 2973 637 3022 unemonucn
658 2971 922 3022 rnocuasronrs
943 2971 1044 3020 cmcs
1068 2971 1251 3020 cnnvrsrsu
1272 2969 1530 3021 unsrrcmmrsu
1551 2971 1672 3020 conns·

814 3072 873 3120 oro
894 3070 1110 3120 sarnanum.

332 3206 414 3270 Item
433 3214 561 3270 tenetur
581 3206 788 3270 cervisiarius
807 3205 1002 3271 relacionem
1024 3205 1132 3268 facere
1152 3203 1298 3290 collegio,
1321 3205 1348 3268 si
1368 3213 1563 3291 procurator
1578 3202 1672 3290 negli-

251 3317 363 3392 genter
392 3307 481 3369 circa
510 3301 561 3392 [6⁸
602 3305 774 3370 cervisiam
805 3327 840 3385 se
873 3304 1022 3370 habuerit
1056 3315 1088 3368 et
1114 3302 1300 3369 notabiliter
1335 3305 1369 3368 in
1408 3306 1673 3390 praesentaciene

251 3405 461 3492 pecuniarum
477 3405 650 3468 cervisiae
678 3403 846 3486 defecerit,
876 3414 908 3468 et
936 3403 1044 3468 facere
1072 3404 1255 3468 mensurari
1282 3426 1379 3485 vasa3
1406 3401 1553 3490 alioquin
1581 3403 1674 3490 negli-

209 3505 367 3590 wgencia
390 3502 452 3568 sibi
474 3504 661 3590 imputetur.

315 3735 372 3802 IV.
396 3734 560 3801 Statuta
581 3736 879 3801 concernencia
900 3757 1034 3799 omnes
1054 3737 1275 3821 magistros
1295 3735 1598 3803 indifferenter.

254 3944 301 4004 31.
324 3953 369 3999 ΕΤ
389 3952 497 4000 PRIMO
511 3953 558 3999 DE
582 3951 777 4000 smunrnrn
793 3951 1022 4000 COMESTIONIS
1046 3952 1091 4000 ΕΤ
1112 3952 1159 3999 DE
1176 3951 1276 4000 MODO
1292 3953 1448 4001 euenum
1469 3953 1678 4003 enumeres

754 4051 799 4098 ΕΤ
822 4050 997 4098 smssnlvun
1019 4050 1173 4100 efficias.

338 4183 460 4249 Omnes
482 4183 631 4268 magistri
652 4183 746 4246 simul
766 4182 937 4249 comedant
955 4183 989 4246 in
1012 4206 1124 4249 mensa
1145 4195 1176 4247 et
1196 4195 1271 4248 ante
1297 4184 1497 4250 locacionem
1523 4184 1568 4250 nd
1594 4207 1678 4253 men

212 4293 327 4348 30sam
347 4293 422 4370 post
442 4282 601 4347 locionem
621 4304 773 4346 manuum
795 4282 905 4346 dicant
928 4291 1115 4348 reverenter
1135 4281 1327 4365 benedicite,
1355 4291 1480 4350 stantes
1503 4285 1679 4354 secundum

253 4383 400 4448 ordinem
424 4381 554 4467 collegii
575 4390 608 4445 et
626 4391 742 4466 postea
763 4381 1004 4447 commensales.
1048 4380 1145 4461 Quod
1174 4381 1263 4447 dicat
1289 4383 1507 4470 praepositus,
1535 4385 1680 4452 nituerit

253 4504 408 4570 praeseus
431 4492 463 4545 et
482 4480 664 4568 presbyter.
693 4480 758 4546 Sed
779 4481 964 4568 praeposito
987 4479 1120 4545 absente
1141 4492 1197 4545 aut
1216 4504 1281 4548 non
1300 4484 1459 4548 existente
1476 4483 1678 4574 presbytero,

253 4580 341 4646 dicat
368 4581 477 4644 senior
501 4580 658 4665 magister
685 4579 857 4667 presbyter
885 4601 1050 4666 praesens.
1093 4577 1189 4660 Quod
1219 4582 1246 4646 si
1275 4581 1380 4648 nullus
1407 4582 1568 4669 magister
1592 4607 1677 4675 pres·

253 4679 348 4767 byter
368 4702 522 4766 praesens
541 4681 653 4762 fuerit,
676 4690 794 4745 extrmc
815 4679 904 4745 dicat
924 4677 1096 4767 presbyter
1119 4681 1355 4765 commensalis,
1375 4681 1429 4748 vel
1449 4684 1561 4753 senior
1580 4682 1687 4806 ms*

212 4787 320 4843 35ster
342 4800 408 4844 non
427 4778 609 4866 presbyter.
652 4778 732 4845 Post
750 4797 894 4845 mensam
916 4788 1034 4862 autem,
1060 4779 1150 4845 iacta
1177 4779 1302 4847 leciene
1323 4803 1488 4867 manuum,
1513 4788 1677 4873 praepon-

253 4887 305 4943 tus
319 4878 371 4943 vel
390 4880 426 4942 in
445 4879 553 4966 capite
567 4901 698 4944 mensae
719 4878 834 4945 sedens
849 4878 982 4944 absente
996 4880 1185 4966 praeposito
1199 4881 1341 4968 primam
1354 4880 1555 4952 bibicionem
1564 4884 1676 4968 ΜΝ,

255 4999 320 5065 qna
345 4999 404 5063 per
426 4987 527 5043 totam
548 5000 694 5044 mensam
722 4975 883 5065 completa
910 4979 1019 5043 statim
1047 4978 1090 5044 ad
1118 4977 1290 5046 dicendum
1318 4982 1449 5068 gracias
1476 4992 1617 5072 amant
1636 4981 1676 5050 de

255 5098 377 5160 mensa,
400 5086 521 5142 stantes
543 5081 577 5142 in
599 5077 712 5144 ordine
735 5101 792 5143 suo
815 5087 846 5143 et
869 5077 986 5143 deinde
1008 5078 1250 5147 commensales.
1438 5054 1485 5101 ’.Ι
