3756 6158
776 447 827 498 Die
844 447 1029 510 theologlsche
1041 447 1169 498 Recurrat

745 663 948 712 connnomn
968 660 1192 709 uomens.

871 784 977 846 Caput
992 781 1067 830 xm.

337 893 462 958 Recens
482 904 609 959 creatus
626 893 738 960 doctor
754 886 849 961 buius
872 894 1002 962 scholae
1022 892 1154 980 publice
1174 892 1291 958 docere
1312 916 1351 958 ac
1372 892 1544 980 disputare
1563 901 1675 980 potest,

255 992 312 1057 sed
334 995 367 1057 in
389 992 558 1057 consilium
580 1003 613 1058 et
631 993 794 1060 facultatis
825 995 993 1081 collegium
1023 992 1065 1057 ab
1091 993 1222 1078 antiquo
1249 994 1337 1057 iutra
1371 992 1541 1058 biennium
1570 993 1675 1055 venire

213 1102 229 1156 5
257 1114 321 1157 non
349 1093 462 1178 potuit.
511 1091 607 1172 Quod
636 1117 693 1158 uos
723 1096 938 1181 corrigentes,
965 1094 1118 1157 iussimus
1147 1114 1186 1156 ac
1213 1094 1435 1178 permisimus,
1455 1091 1603 1157 themata
1622 1113 1675 1154 sua

255 1193 339 1256 inter
352 1193 606 1278 promovendum
624 1193 788 1281 explicata
810 1193 940 1280 publice
960 1195 994 1257 in
1018 1191 1129 1256 schola
1150 1191 1315 1278 disputare
1337 1214 1487 1279 quenque
1509 1200 1543 1255 et
1562 1192 1674 1277 postri-

258 1290 311 1354 die
332 1291 473 1377 quinque
495 1313 610 1358 aureos
639 1294 848 1359 ioachimicos
875 1291 1061 1379 persolvere
1090 1290 1277 1357 doctoribus
1284 1342 1294 1374 ,
1323 1291 1363 1356 de
1391 1313 1456 1377 qua
1486 1299 1597 1355 tamen
1625 1311 1674 1376 pe

257 1391 352 1454 cunia
373 1391 497 1478 etipse
518 1395 700 1480 portionem
722 1395 878 1480 accipiat3
907 1414 946 1456 ac
967 1402 1036 1456 tum
1058 1393 1196 1478 primum
1220 1393 1261 1456 sit
1281 1414 1365 1456 unus
1386 1388 1428 1454 de
1449 1388 1598 1475 collegio.
1638 1387 1673 1453 ld

260 1488 347 1577 quod
361 1499 471 1555 tamen
485 1489 525 1555 de
544 1492 598 1557 hic
620 1496 736 1558 creatis
758 1491 954 1558 intellectum
976 1489 1136 1569 volumus,
1156 1514 1232 1555 nam
1251 1501 1402 1554 externos
1423 1511 1510 1554 anno
1529 1511 1596 1553 uno
1616 1511 1675 1553 non

216 1599 248 1653 10
259 1587 381 1676 placuit
401 1588 544 1672 liberari,
567 1592 653 1677 quod
673 1594 708 1656 in
730 1592 871 1676 antiquis
890 1591 953 1654 fuit
974 1588 1231 1675 quadriennium.

664 1754 721 1844 [Bl.
735 1754 781 1844 5.]
810 1773 984 1822 nmnnsun
1005 1773 1272 1822 raonorrouun

858 1893 966 1956 Caput
989 1892 1074 1943 XIIII.

336 2005 627 2072 Baccalaureatum
649 2008 809 2093 petiturus
831 2005 1015 2093 theologico
1037 2006 1116 2071 fisco
1143 2028 1202 2071 sex
1229 2027 1346 2071 aureos
1370 2005 1404 2068 in
1431 2025 1512 2069 auro
1534 2012 1676 2069 numeret

256 2105 498 2171 conservandae
513 2104 698 2170 academiae
714 2127 843 2187 caussa,
864 2115 1002 2194 quatuor
1023 2128 1140 2170 aureos
1160 2103 1346 2170 doctoribus
1367 2102 1496 2190 collegii
1516 2139 1557 2148 -
1588 2101 1677 2167 decet

215 2218 246 2272 15
256 2207 351 2288 enim,
373 2204 641 2290 significationem
655 2204 798 2292 aliquam
811 2205 1022 2290 gratitudinis
1036 2205 1163 2270 ostendi
1178 2227 1256 2290 erga
1270 2227 1335 2287 eos,
1356 2204 1413 2289 qui
1431 2201 1565 2268 labores
1587 2204 1673 2267 susti·

256 2314 334 2371 nent
354 2304 579 2387 consiliorum,
600 2304 854 2391 disputationum
874 2315 907 2369 et
927 2306 1113 2370 examinum
1135 2341 1193 2385 -,
1219 2303 1347 2369 famulis
1369 2301 1509 2390 publicis
1533 2301 1675 2367 similiter

258 2402 359 2469 solide
383 2426 498 2468 aureos
520 2403 609 2468 duos.
645 2404 878 2469 Licentiandus
901 2405 1046 2469 similiter
1067 2427 1181 2469 aureos
1204 2406 1345 2490 quinque
1367 2401 1558 2467 doctoribus
1579 2399 1673 2466 facul·

256 2505 333 2568 tatis
356 2504 391 2566 in
413 2524 493 2567 auro
514 2513 669 2585 numeret,
692 2512 724 2567 et
745 2503 826 2568 alios
846 2507 881 2569 in
902 2527 981 2570 auro
1004 2504 1093 2569 duos.
1138 2503 1174 2568 si
1201 2527 1283 2568 unus
1310 2513 1377 2585 est,
1405 2504 1579 2589 pecuniam
1607 2524 1673 2566 eam

259 2624 430 2669 aureorum
453 2601 591 2688 quinque
612 2601 886 2689 procancellarius
914 2614 1014 2670 totam
1036 2602 1180 2689 abripiat
1206 2601 1248 2666 ob
1276 2601 1504 2689 disputationis
1526 2623 1673 2688 operam;

213 2705 284 2769 ausi
307 2701 433 2789 plures,
456 2700 609 2788 quioquid
630 2701 677 2767 illi
698 2700 929 2788 dependerint,
958 2705 992 2767 in
1022 2702 1163 2788 reliquos
1194 2703 1315 2788 pariter
1338 2698 1504 2765 dividatur
1526 2700 1672 2765 adiuncto

254 2799 530 2867 vicecancellario.
583 2801 688 2865 Detur
722 2813 893 2887 praeterea
931 2825 1101 2867 zaccarum
1134 2804 1288 2888 episcopo
1314 2810 1347 2864 et
1373 2822 1508 2881 aureus,
1538 2801 1672 2885 itemque

255 2924 372 2967 aureus
399 2899 656 2965 vicecancellarii
685 2901 826 2982 famulo,
860 2900 1038 2966 adeersitus
1068 2901 1110 2966 ad
1144 2923 1218 2966 eum
1243 2898 1379 2981 scheda,
1400 2908 1436 2963 ut
1464 2909 1516 2963 est
1542 2899 1577 2963 in
1605 2921 1670 2962 oon·

257 2998 435 3067 suetudine.

336 3099 390 3164 Ad
411 3099 549 3185 gradum
576 3098 773 3165 doctoralem
802 3101 984 3188 pendantur
1009 3099 1194 3165 doctoribus
1217 3098 1327 3164 decem
1347 3108 1380 3163 et
1398 3108 1472 3164 octo
1493 3117 1669 3183 sexagenas

212 3201 408 3286 25antiquae
423 3222 443 3263 a
456 3197 601 3284 singulis,
620 3201 816 3286 promotoris
839 3211 945 3266 autem
967 3202 1145 3286 praemium
1167 3201 1229 3266 erit
1250 3222 1270 3264 a
1290 3197 1425 3284 singulis
1447 3194 1669 3284 promovendis

253 3321 370 3366 aureus
396 3297 608 3385 Hungaricus
631 3322 725 3364 unus.
1462 3320 1465 3327 ·

339 3397 470 3463 Debent
496 3421 573 3463 vero
604 3399 750 3484 insigniti
774 3408 838 3482 ter,
869 3399 966 3463 semel
987 3400 1021 3462 in
1040 3422 1159 3485 magno
1181 3409 1214 3465 et
1234 3396 1365 3485 publico
1386 3395 1539 3484 prandio,
1558 3399 1668 3460 iterum

255 3499 384 3587 vesperi
400 3497 443 3561 ad
457 3520 600 3580 coenam,
618 3497 777 3584 postridie
795 3522 920 3562 rursum
941 3497 1089 3564 doctores
1108 3498 1289 3584 theologiae
1311 3519 1421 3563 omnes
1443 3495 1487 3560 ad
1509 3494 1666 3561 honestum

257 3598 440 3662 convivium
462 3598 610 3661 invitare.

214 3707 248 3762 30
339 3698 439 3760 Fiant
465 3718 591 3781 quoque
617 3696 651 3759 in
680 3718 773 3759 suum
801 3696 914 3762 orbem
943 3708 975 3760 et
1009 3697 1155 3761 ordinem
1189 3697 1428 3783 promotionum
1455 3692 1614 3759 conmoda
1641 3700 1667 3755 et

257 3818 376 3883 operae
398 3796 431 3858 in
454 3793 589 3879 singulis
611 3795 766 3878 gradibus
788 3798 872 3860 inter
894 3796 979 3861 solos
1002 3796 1041 3860 de
1063 3796 1213 3881 collegio,
1235 3819 1273 3860 ac
1300 3794 1449 3881 primarii
1478 3793 1667 3879 promotoris

258 3896 383 3980 collega
405 3897 438 3957 in
460 3896 668 3979 consequenti
691 3894 861 3961 doctoratu
881 3897 938 3960 liat
961 3906 1126 3983 promotor
1147 3898 1226 3982 ipse.

341 3994 409 4058 Nec
429 4016 507 4057 vero
530 3992 571 4056 ab
593 3994 632 4056 iis
655 3994 848 4059 excludendi
869 3997 1002 4059 veniunt
1024 3995 1137 4076 solum,
1160 3996 1214 4080 qui
1236 3994 1376 4058 nondum
1398 3994 1515 4057 inserti
1535 4001 1608 4054 sunt
1627 3990 1666 4053 f-

257 4094 394 4175 cultatis,
417 4093 503 4180 quod
526 4115 622 4178 saepe
644 4092 801 4176 diximus,
824 4093 958 4180 collegio
981 4102 1076 4178 atque
1099 4093 1248 4176 consilio,
1273 4092 1330 4156 sed
1352 4102 1384 4157 et
1404 4093 1439 4174 ii,
1461 4093 1528 4177 qui,
1550 4092 1668 4156 cumin

214 4203 247 4259 35
260 4192 381 4281 oppido
411 4192 607 4256 consistendi
633 4191 737 4256 studio
758 4216 822 4258 non
845 4196 988 4279 agitant,
1011 4195 1158 4280 irrepunt
1179 4216 1195 4256 e
1218 4193 1399 4279 propinquo
1423 4200 1520 4256 etex
1541 4190 1668 4270 insidiis,

255 4291 407 4358 lucellum
428 4302 601 4373 venantes,
630 4291 741 4356 relicto
768 4292 842 4357 aliis
869 4292 981 4357 labore
1010 4304 1106 4379 atque
1133 4294 1306 4356 certamine
1334 4289 1498 4376 legitimo,
1531 4300 1668 4355 carentes

258 4393 499 4478 acturegentiae
521 4398 553 4453 et
573 4393 776 4476 praesentiae
796 4393 933 4457 nomine.
966 4390 1072 4456 Extra
1093 4390 1274 4456 facultatem
1297 4414 1376 4456 vero
1397 4390 1508 4455 etalii
1529 4389 1668 4455 doctores

258 4492 387 4558 labores
410 4489 599 4578 disputandi
622 4501 654 4555 et
673 4493 912 4556 enarrationum
934 4492 1128 4574 sustineant,
1157 4500 1189 4555 et
1216 4513 1409 4556 consensum
1429 4489 1598 4555 doctrinae
1617 4509 1667 4575 pa·

257 4594 335 4656 riter
356 4600 508 4657 tueantur
529 4613 603 4654 cum
623 4588 769 4676 collegio.

216 4768 249 4824 40
714 4772 895 4822 »macrus
914 4774 949 4821 m
968 4772 1215 4823 ADHI'I'TENDIS.

872 4892 977 4956 Caput
992 4893 1051 4944 XV.

342 5008 377 5073 Si
400 5031 475 5073 vere
504 5009 731 5086 aestimamus,
760 5003 866 5071 nullus
893 5008 992 5071 totius
1021 5008 1108 5071 vitae
1136 5004 1257 5092 gradus
1285 5006 1422 5070 sustinet
1447 5004 1612 5071 difficilius
1638 5013 1663 5068 et

259 5109 363 5173 maius
392 5129 507 5172 munus
536 5128 630 5194 quam
659 5103 712 5170 bic
746 5102 842 5189 ordo,
869 5105 921 5170 oui
951 5104 1191 5172 commendatur
1218 5103 1394 5192 explicatio
1422 5114 1456 5170 et
1486 5104 1662 5172 diiudicatio
