3756 6158
248 458 306 523 182
814 453 869 502 Das
886 466 982 517 greum
1001 452 1104 516 colleg.

260 644 309 704 36.
330 657 377 703 nn
400 655 516 703 rosus
536 654 722 703 iuremus
743 652 946 702 coenamus
966 653 1120 702 somnne
1141 654 1210 702 urar
1231 654 1300 701 sss
1319 654 1463 704 rourum
1486 656 1660 706 cotanen.

330 773 368 837 ln
391 771 622 857 praepositura
642 770 687 835 M.
708 768 873 835 Helmoldi
894 768 937 836 de
957 769 1130 836 Soltwedel
1151 775 1341 849 (rste-24)
1366 768 1567 858 conclusum,
1593 772 1677 862 quod

245 871 353 937 nullus
375 872 474 935 intret
494 869 664 955 collegium
685 869 737 935 vel
759 879 855 935 exeat
877 870 941 935 uisi
969 892 1029 958 per
1049 868 1179 937 valvam
1207 869 1336 956 collegii
1360 867 1413 936 vel
1440 880 1572 959 portam
1599 873 1677 938 eius·

247 970 330 1052 dem,
354 969 415 1034 snb
439 992 544 1058 poena
564 968 761 1035 exclusionis
781 992 802 1035 a
822 969 959 1057 collegio
980 968 1032 1035 rel
1052 968 1177 1053 florem,
1197 968 1409 1036 effectualiter
1429 968 1492 1058 pro
1514 979 1679 1039 succurra

205 1083 221 1136 5
247 1069 377 1157 collegii
399 1068 636 1136 convertendi.¹

413 1241 461 1305 37.
484 1255 531 1301 nn
554 1250 808 1301 emendaremus
830 1252 903 1302 sou
924 1253 1207 1304 mraonucmmrs
1228 1254 1265 1303 nr
1284 1252 1499 1305 concrema.
1615 1310 1620 1327 ,

327 1372 409 1436 Item
433 1369 520 1458 quod
541 1367 649 1434 nullus
677 1368 721 1433 ad
749 1367 921 1453 collegium
946 1368 1133 1435 introducat
1152 1370 1206 1435 vel
1233 1371 1268 1435 in
1288 1391 1327 1436 eo
1348 1370 1489 1458 recipiat
1519 1369 1564 1437 ad
1594 1394 1677 1437 com·

246 1469 376 1536 modum
404 1493 497 1536 suum
523 1470 726 1535 meretricem
754 1467 807 1533 vel
835 1477 944 1534 actum
969 1490 1143 1535 venereum
1172 1468 1255 1535 inibi
1283 1480 1450 1555 exerceat,
1479 1469 1543 1536 sub
1574 1493 1679 1558 poena

247 1579 425 1658 perpetuae
450 1568 647 1636 exclusionis
668 1591 689 1634 a
710 1568 846 1656 collegio
867 1567 920 1635 vel
948 1566 1088 1637 duarum
1115 1591 1354 1657 sexagenorum
1381 1592 1588 1659 messorum,
1619 1593 1677 1659 pro

209 1679 414 1737 restructas
434 1668 562 1756 collegii
581 1667 822 1736 solvendarum.

694 1839 745 1904 38.
765 1851 814 1900 nn
836 1850 1015 1902 mausum
1037 1848 1213 1902 commen.

329 1971 413 2036 Item
435 1967 571 2055 quilibet
599 1967 805 2054 praepositus
831 1975 959 2032 tenetur
984 1965 1156 2054 collegium
1182 1969 1291 2036 facere
1319 1969 1428 2037 claudi
1452 1969 1574 2059 hyeme
1599 1971 1679 2038 bora

246 2093 343 2151 nona,
371 2071 405 2134 in
427 2078 551 2134 aestate
573 2067 656 2133 bora
673 2066 819 2150 decima,
845 2076 972 2155 etpost
995 2066 1182 2134 huiusmodi
1208 2069 1392 2137 clausuram
1412 2069 1521 2137 nullus
1549 2072 1679 2137 omnino

247 2170 290 2236 ad
319 2168 489 2255 collegium
512 2169 746 2233 intromittatur
766 2167 830 2232 nisi
852 2165 893 2232 de
921 2165 1056 2254 speciali
1083 2189 1243 2235 consensu
1268 2171 1449 2256 praepositi
1474 2179 1508 2236 et
1534 2170 1677 2259 superio

208 2280 320 2336 torum
342 2268 555 2335 aedituorum.

479 2420 528 2484 39.
549 2434 596 2481 na
619 2432 910 2484 corvnuronmns
929 2434 976 2482 ar
999 2433 1171 2484 rnomsso
1193 2434 1402 2485 scamnum.

331 2551 414 2616 Item
442 2548 578 2639 quilibet
610 2544 786 2616 conventor
819 2560 966 2638 tempore
992 2551 1215 2617 conventionis
1242 2549 1361 2618 bursae
1390 2560 1520 2619 tenetur
1545 2553 1675 2642 promit

248 2662 325 2731 tere,
356 2648 442 2734 quod
467 2648 588 2713 nullum
609 2649 653 2715 ad
674 2649 809 2715 bursam
829 2648 909 2715 velit
927 2648 1109 2734 admittere,
1136 2651 1201 2716 nisi
1223 2652 1400 2739 promittat,
1428 2650 1528 2739 quod,
1556 2653 1586 2719 si
1607 2674 1675 2719 enm

248 2758 361 2815 souma
383 2757 504 2814 statuta
524 2748 683 2814 excedere
705 2751 885 2835 contingat,
914 2770 1053 2835 poenam
1079 2752 1114 2815 in
1139 2749 1262 2816 eisdem
1290 2773 1481 2838 expressam
1511 2760 1628 2840 sponte
1646 2761 1676 2818 et

205 2849 432 2915 20voluntaric
454 2848 533 2913 velit
560 2847 695 2932 solvere,
725 2859 758 2914 et
785 2847 871 2937 quod
892 2849 927 2914 in
954 2847 1027 2914 aliis
1049 2848 1240 2916 excessibus
1266 2852 1301 2915 in
1323 2848 1458 2937 collegio
1480 2852 1675 2941 perpetratis

247 2950 282 3014 in
303 2948 477 3014 dictamine
498 2947 625 3034 collegii
646 2947 724 3013 velit
745 2956 840 3013 stare.

247 3122 298 3184 40.
327 3133 375 3180 aa
396 3131 595 3181 sonurroun
616 3132 788 3180 recurras
810 3131 879 3180 rao
902 3130 1107 3182 srsucruaa
1130 3132 1264 3182 arunas
1286 3133 1451 3184 aussmls
1472 3132 1673 3184 sxrosrrsn

330 3248 414 3313 Item
435 3247 522 3335 quod
550 3249 689 3334 pecunia
716 3269 774 3335 per
796 3247 972 3335 magistros
996 3246 1180 3313 contributa
1199 3271 1260 3334 pro
1282 3258 1446 3315 structura
1467 3248 1586 3316 stubae
1604 3249 1673 3315 bur

248 3347 326 3415 salis
349 3346 432 3413 solvi
456 3345 574 3412 debeat
596 3346 637 3411 de
657 3349 797 3434 pecunia
819 3368 880 3433 pro
900 3344 982 3412 locis
1004 3345 1238 3433 graduatorum
1257 3348 1456 3437 recipienda.
1497 3348 1545 3417 Et
1573 3351 1602 3416 si
1621 3346 1673 3413 ali·

206 3448 322 3536 25quis
344 3448 585 3533 magistrorum,
603 3448 659 3535 qui
681 3445 856 3512 contribuit
869 3455 1008 3534 quatuor
1030 3445 1169 3512 florenos
1191 3469 1251 3533 pro
1272 3447 1361 3515 dicta
1381 3457 1557 3533 structura,
1576 3450 1674 3514 exiret

247 3546 300 3611 vel
322 3545 532 3629 discederet,²
553 3556 726 3634 antequam
749 3544 836 3610 dicta
856 3544 1042 3611 distributio
1055 3547 1115 3634 qo³
1136 3545 1200 3611 sibi
1219 3547 1386 3633 persoluta
1404 3548 1440 3612 in
1459 3559 1559 3636 parte
1574 3547 1625 3615 rel
1643 3549 1673 3613 in

249 3655 351 3712 totum
372 3647 538 3731 continget
556 3646 706 3727 existere,
730 3666 898 3710 successor
912 3645 947 3709 in
967 3643 1073 3711 locum
1095 3667 1189 3711 suum
1209 3646 1395 3733 ingrediens
1415 3646 1583 3715 tenebitur
1595 3648 1674 3714 inira

249 3745 389 3831 primum
411 3766 554 3810 mensem
576 3760 654 3809 suae
676 3743 905 3830 collegiaturae
926 3742 1053 3809 solvere
1073 3754 1175 3811 totam
1200 3748 1389 3812 restantiam
1411 3747 1500 3814 dicto
1520 3749 1672 3834 magistro

249 3845 380 3909 exeunti
417 3853 473 3908 aut
506 3842 684 3909 discedenti
714 3843 766 3909 vel
796 3866 854 3909 suo
882 3845 1088 3931 procuratori
1114 3844 1175 3910 sub
1196 3868 1302 3932 poena
1327 3847 1494 3913 carentiae
1520 3847 1673 3935 portionis

208 3952 341 4026 30suae,
364 3965 531 4032 quousque
551 3942 671 4007 dictam
691 3945 883 4009 restantiam
902 3944 937 4008 in
957 3951 1024 4008 toto
1047 3942 1220 4030 persolvat.
1253 3945 1297 4009 Et
1317 3944 1392 4011 talis
1414 3967 1585 4014 successor
1603 3945 1672 4011 alte

251 4044 319 4107 rius
348 4041 483 4108 habebit
514 4043 564 4106 ius
596 4042 774 4129 recipiendi
805 4052 912 4123 ratam
945 4063 1037 4106 suam
1064 4041 1105 4108 de
1135 4041 1216 4109 locis
1244 4044 1550 4131 promovendorum,
1578 4044 1673 4112 donec

254 4144 402 4229 pecunia,
425 4163 523 4227 quam
543 4141 591 4207 sic
610 4144 762 4227 exposuit
783 4165 841 4208 suo
865 4143 1072 4225 antecessori,
1092 4141 1239 4230 plenarie
1259 4145 1321 4209 erit
1341 4143 1520 4230 persoluta.

334 4351 405 4417 Abl
427 4375 511 4418 anno
535 4361 613 4421 1425
642 4376 728 4443 seqq.
755 4355 927 4443 reperitur,
955 4355 1043 4444 quod
1066 4355 1210 4422 decanus
1240 4356 1404 4423 facultatis
1431 4357 1672 4448 philosophicae

250 4453 437 4539 praeposito
460 4475 520 4540 pro
540 4452 620 4519 locis
642 4455 675 4517 in
696 4453 791 4519 stuba
811 4454 936 4522 bursali
960 4457 1102 4522 omnium
1124 4455 1381 4539 candidatorum,
1403 4478 1462 4522 sea
1483 4458 1671 4546 magistran-

210 4559 243 4615 35
254 4551 368 4616 dorum
390 4575 447 4617 seu
470 4551 810 4637 baccalarcandorum,
833 4554 966 4620 solverit
987 4578 1047 4642 pro
1069 4554 1214 4642 quolibet
1234 4555 1408 4623 candidato
1429 4555 1514 4623 duos
1537 4578 1672 4644 grossos

854 4692 1061 4702 ——ss

336 4790 347 4839 l
366 4785 446 4842 esna
458 4785 618 4842 undeutlich
631 4788 770 4858 qeorisd;
787 4785 834 4842 fiir
846 4788 973 4844 solvendi
984 4787 1049 4860 (νεὶ
1060 4793 1116 4857 182,
1127 4788 1169 4861 10)
1178 4788 1256 4844 kann
1266 4804 1296 4844 es
1307 4787 1467 4846 scbwarlicb
1476 4795 1603 4849 ratum
1611 4789 1670 4847 sun.

335 4872 350 4922 2
367 4867 554 4927 Geschrieben
571 4871 646 4928 steht
661 4873 736 4927 caira
753 4873 797 4927 rel
813 4873 959 4929 aiacem.

333 4957 348 5007 3
365 4971 401 5022 qo
418 4952 493 5009 steht
507 4953 695 5026 geschrieben,
712 4954 850 5012 vielleicbt
866 4957 987 5012 verlesen
1004 4954 1051 5010 fur
1063 4958 1217 5027 pecuariae!
1236 4956 1303 5013 aber
1318 4956 1364 5013 die
1375 4956 1462 5015 selle
1480 4959 1592 5019 sabeint
1606 4955 1669 5016 noch

250 5035 328 5092 mehr
344 5036 444 5092 Fehler
461 5055 495 5092 zu
514 5038 663 5106 enthalten‚
681 5039 789 5094 obrrohl
808 5039 853 5094 ihr
870 5040 937 5095 Sinn
955 5039 1142 5096 verstitndlich
1159 5041 1204 5096 ist

344 5124 361 5176 4
379 5121 478 5178 Diescr
494 5122 599 5177 Absata
617 5122 724 5179 scheint
742 5123 803 5180 eine
820 5124 904 5180 Notis
919 5124 1024 5196 Vogels
1040 5143 1076 5181 zu
1093 5126 1159 5182 sein.
