3756 6158
247 501 308 564 594
754 495 804 546 Die
823 494 1008 547 medicinisehc
1025 494 1153 546 Faculttt.

351 713 381 774 6.
405 726 451 772 DE
474 726 576 775 VOTIS
598 727 796 776 PUNGITIVIS
818 728 863 775 ET
886 725 1162 777 CONTUMELIOSIS
1184 725 1221 772 m
1241 723 1567 774 convocamomnus

680 826 873 875 DOCTORUM
894 828 940 874 ΕΤ
962 828 998 875 m
1018 823 1239 874 summus.

330 942 368 1006 ln
383 941 675 1006 convocacionibus
696 941 872 1024 doctorum,
891 941 1095 1008 examinibus
1116 939 1408 1029 promovendorum
1429 939 1538 1006 nullus
1560 939 1666 1006 docto-

252 1064 324 1105 rum
341 1039 429 1105 dieat
444 1040 536 1105 alteri
551 1041 653 1106 verba
669 1040 909 1123 contumeliosa,
929 1041 1161 1122 maledictoris,
1183 1040 1397 1127 opprobriosa
1419 1052 1476 1105 aut
1498 1040 1668 1126 pungitiva

208 1150 225 1204 5
253 1139 312 1204 sub
334 1154 446 1227 'poena
473 1141 568 1205 unius
596 1139 711 1205 floreni
737 1141 882 1205 renensis
909 1140 1054 1205 facultati
1079 1139 1301 1228 persolvendi3
1332 1139 1564 1205 nichilominus
1591 1161 1667 1225 pars

251 1239 415 1305 offendens
438 1241 524 1325 parti
544 1238 653 1303 laesae
673 1239 759 1304 ultra
779 1237 899 1303 dictam
921 1262 1059 1327 poenam
1084 1249 1211 1304 tenetur
1239 1239 1425 1304 satisfacere
1452 1240 1547 1304 iuxta
1569 1238 1666 1302 dicta·

252 1361 325 1403 meu
344 1339 448 1403 tocius
468 1337 631 1402 facultatis
653 1337 704 1403 vel
726 1339 857 1403 maioris
882 1340 1003 1426 partis,
1032 1341 1060 1403 si
1082 1338 1164 1404 alias
1186 1339 1270 1404 inter
1292 1361 1347 1404 eos
1368 1337 1586 1403 amicabiliter
1607 1360 1669 1402 non

252 1439 374 1526 poterit
394 1437 590 1502 intervenire
612 1439 819 1526 composicio.

326 1646 352 1703 7.
381 1654 477 1701 NEMO
500 1653 694 1703 noerolium
716 1654 872 1702 suculam
893 1654 1042 1703 CONSILII
1064 1654 1181 1701 Danau
1205 1653 1252 1700 ΑΙ)
1274 1653 1390 1701 axum
1411 1653 1604 1703 namneus.

213 1782 245 1837 10
339 1767 485 1850 Quuilibet
504 1768 670 1834 doctorum
692 1769 732 1834 de
753 1769 887 1835 consilio
912 1769 1076 1836 facultatis
1107 1776 1238 1835 nostrae
1269 1770 1411 1835 existens
1440 1768 1603 1834 tenebitur
1625 1792 1671 1834 se-

256 1879 346 1935 creta
365 1867 490 1934 consilii
512 1868 601 1956 apud
622 1891 656 1934 se
678 1891 811 1934 servare
831 1880 863 1935 et
887 1869 931 1935 ad
952 1879 1046 1935 extra
1065 1892 1130 1935 non
1151 1868 1310 1952 revelare,
1340 1870 1518 1955 praecipue
1545 1869 1672 1956 quando

255 1970 316 2035 boc
338 1966 401 2033 sibi
421 1990 480 2055 per
502 1966 660 2033 decanum
682 1968 741 2034 sub
764 1979 856 2035 certa
875 1991 982 2057 poena
1000 1969 1062 2035 fuit
1080 1970 1266 2037 iniunctum.

348 2175 375 2237 8.
407 2185 453 2232 DE
478 2184 847 2235 vlcacsucunnamauu
869 2187 975 2235 munla
994 2184 1179 2234 Docuouus
1202 2184 1349 2233 welssm
1369 2185 1587 2233 osrmsrmo.

337 2300 403 2366 Pro
438 2300 611 2366 concordia
641 2303 756 2366 maiori
788 2300 951 2366 facultatis
983 2298 1164 2366 medicinae
1193 2299 1399 2366 observanda
1432 2300 1560 2387 placet,
1591 2302 1672 2390 quod

217 2400 408 2467 ttdecetero
431 2398 734 2465 vicecancellarium
762 2402 796 2466 in
824 2400 994 2466 medicinis
1020 2399 1163 2465 habeant
1188 2399 1336 2465 doctores
1358 2400 1504 2465 vicissim
1535 2399 1576 2465 de
1604 2423 1673 2466 con-

258 2500 331 2566 silio
353 2500 517 2565 facultatis
538 2501 630 2564 iuxta
652 2499 796 2565 ordinem
820 2501 901 2565 senii
921 2523 1041 2566 eorum.
1082 2500 1127 2565 Et
1146 2500 1208 2565 hoc
1229 2502 1336 2588 ipsum
1356 2499 1496 2565 facultas
1520 2524 1579 2567 suo
1601 2512 1674 2566 tem·

257 2622 354 2687 pore,
378 2622 441 2686 quo
463 2599 580 2685 aliquis
600 2599 839 2688 promovendus
861 2600 904 2666 ad
924 2600 1095 2666 licenciam
1125 2599 1285 2664 admissus
1313 2600 1425 2683 fuerit,
1456 2600 1585 2665 domino
1613 2603 1674 2688 epi-

258 2721 356 2787 scopo
369 2698 631 2786 Merssburgensi
644 2700 710 2764 suis
730 2698 846 2764 litteris
867 2699 1053 2789 patentibus
1075 2701 1240 2765 insinuare
1262 2698 1367 2782 debet,
1390 2698 1557 2766 doctorem
1578 2703 1674 2766 nomi·

258 2797 382 2881 nando,
404 2799 456 2862 cui
484 2822 544 2863 sua
569 2800 682 2885 gracia
703 2798 746 2863 ad
768 2800 960 2886 peticionem
981 2809 1013 2864 et
1034 2798 1231 2865 desiderium
1256 2798 1421 2865 facultatis
1444 2799 1597 2886 dignetur
1617 2800 1673 2864 hac

109 2895 113 2902 ’
216 2893 392 2985 aovi[3b]ce
420 2899 454 2961 in
481 2896 652 2962 medicinis
681 2900 879 2964 committere
905 2896 1252 2966 vicecancellariatum.
1303 2899 1348 2963 Et
1377 2901 1405 2963 si
1431 2898 1544 2985 plures
1573 2898 1674 2987 aliquo

260 2996 612 3082 temporelicenciandi
631 2997 760 3082 fuerint,
780 3007 856 3063 tunc
876 2996 1162 3063 vicecancellarius
1186 3003 1232 3062 sic
1254 2997 1348 3063 datus
1369 2999 1511 3087 recipiet
1530 3022 1592 3086 pro
1613 2999 1674 3063 suis

260 3095 428 3161 laboribus
451 3095 623 3162 dumtaxat
644 3096 724 3162 duos
757 3095 894 3162 florenos
921 3100 954 3162 in
983 3120 1072 3163 aure.
1115 3097 1207 3164 Alios
1233 3097 1373 3164 florenos
1399 3098 1577 3164 distribuat
1597 3100 1673 3163 inter

259 3195 406 3261 doctores
429 3195 604 3262 inmediate
626 3205 809 3284 sequentes,
831 3198 878 3261 ita
900 3195 987 3284 quod
1008 3195 1144 3284 quilibet
1165 3196 1245 3263 duos
1266 3197 1405 3264 florenos
1433 3197 1562 3263 habeat
1603 3197 1673 3261 Pari

205 3289 207 3294 ’
260 3295 353 3360 modo
374 3295 438 3361 alio
459 3304 605 3382 tempore
626 3296 691 3359 fiet.
732 3295 788 3360 Sic
816 3295 995 3382 aequalitas
1022 3295 1169 3361 laborum
1197 3305 1229 3361 et
1254 3296 1547 3363 emolumentorum
1575 3319 1673 3362 serva·

219 3394 350 3459 rebitur
373 3396 455 3460 inter
478 3395 641 3478 doctores,
664 3417 746 3480 quae
768 3417 912 3459 amorem
933 3396 1034 3460 nutrit
1053 3405 1150 3483 atque
1171 3397 1386 3462 concordiam.

302 3600 331 3659 9.
360 3611 479 3659 FORMA
506 3612 697 3660 EPISTOLAE
720 3613 924 3660 MITTENDAE
945 3613 991 3660 AD
1013 3611 1210 3661 EPISCOPUM
1229 3613 1551 3663 MERSSBURGENSEM
1574 3614 1639 3661 PRO

657 3712 1022 3760 VIOECANOELLARIATU
1051 3713 1286 3761 IMPETBANDO.

349 3827 430 3891 Cum
458 3827 668 3891 reverenciali
697 3826 951 3914 promptitudine
980 3830 1014 3892 in
1041 3826 1176 3912 singulis
1208 3828 1440 3915 complacendi.
1493 3827 1675 3894 Reverende

262 3925 294 3988 in
318 3927 424 3991 Cristo
448 3939 550 4012 pater,
581 3927 709 3990 domine
737 3927 901 4012 graciose!
944 3928 1083 3993 Vestrae
1107 3930 1295 4015 paternitati
1323 3929 1500 3994 affectuose
1523 3950 1674 3994 commen·

220 4024 379 4090 ³0damus
401 4025 620 4090 venerabilem
642 4028 746 4089 virum
768 4027 839 4108 (aut
860 4026 1061 4091 venerabiles
1083 4029 1187 4103 viros)
1210 4028 1267 4110 .N.,
1288 4028 1322 4092 in
1343 4028 1472 4093 artibus
1496 4027 1677 4093 liberalibus

263 4125 455 4209 magistrum
480 4128 548 4205 (aut
570 4124 756 4211 magistros)
780 4134 811 4189 et
837 4127 871 4207 in
897 4126 1058 4190 medicina
1083 4125 1319 4191 licenciandum
1341 4136 1415 4205 (aut
1433 4127 1675 4207 licenciandos),

264 4223 428 4289 humiliter
452 4224 682 4312 supplicantes,
702 4235 860 4310 quatenus
882 4233 991 4289 vestra
1013 4226 1192 4290 reverenda
1215 4228 1394 4314 paternitas
1415 4227 1564 4292 medicae
1585 4224 1677 4291 facul·

262 4325 339 4386 tatis
370 4326 486 4388 intuitu
515 4323 764 4389 commendabili
791 4333 888 4411 atque
912 4326 1043 4410 egregio
1064 4326 1136 4390 viro
1159 4326 1223 4408 .N.,
1252 4328 1376 4390 arcium
1402 4328 1564 4412 magistro
1593 4337 1624 4392 et
1648 4327 1678 4388 in

264 4421 427 4486 medicina
459 4422 600 4506 doctori,
636 4425 841 4487 autoritatem
870 4422 1046 4489 concedere
1073 4424 1222 4511 dignetur
1252 4425 1399 4514 praefato
1432 4428 1593 4512 magistro
1617 4423 1679 4502 (vel

222 4531 254 4586 35
265 4522 422 4607 praefatis
443 4524 621 4608 magistris)
644 4522 686 4586 ad
714 4545 870 4609 praesens
898 4522 1097 4589 licenciando
1119 4525 1185 4604 (vel
1206 4524 1431 4602 licenciandis)
1461 4528 1497 4591 in
1516 4525 1679 4590 medicinis

263 4620 433 4685 licenciam
460 4621 655 4686 conferendi.
698 4621 793 4703 Quod
821 4623 906 4687 votis
935 4621 1081 4687 omnibus
1109 4624 1197 4710 apud
1221 4625 1357 4690 eandem
1376 4634 1523 4690 vestram
1546 4624 1679 4712 paterni·

265 4731 378 4802 tatem,
400 4722 507 4808 quoad
529 4744 715 4808 possumus,
739 4723 918 4807 promereri
940 4721 1166 4788 studebimua
1195 4725 1318 4790 Datum
1340 4725 1515 4812 Leyptaclr
1541 4729 1614 4813 ipsa
1633 4723 1679 4788 die

267 4819 315 4883 .N.
338 4820 499 4884 facultatis
521 4829 632 4884 nostro
655 4820 715 4885 sub
739 4819 853 4905 sigillo.

1020 4955 1157 5020 Vestrae
1178 4957 1384 5042 paternitatis

223 5060 256 5115 40
768 5051 903 5116 humiles
933 5062 1093 5139 oratores,
1123 5054 1265 5121 decanus
1291 5058 1455 5142 ceterique
1481 5057 1643 5125 facultatis

805 5151 951 5216 medicae
973 5153 1122 5221 doctores
1143 5154 1242 5222 studii
1263 5157 1401 5243 insignis
1423 5157 1606 5246 Liparensis.
