3756 6158
237 471 299 537 332
725 475 776 527 Die
799 478 1015 542 philosophialis
1032 479 1160 552 11111111»

238 651 445 739 subsequenti
470 657 539 720 eius
560 660 809 726 conversacione
833 660 991 730 laudabili
1017 670 1252 751 praesumatur.
1294 662 1339 728 Et
1359 660 1457 728 talem
1484 681 1646 726 excessum

237 750 374 819 facultas
405 757 529 821 arcium
561 768 691 845 reputat
720 760 895 826 notabilem
925 772 958 827 et
985 764 1155 845 notorium,
1188 760 1229 826 de
1257 784 1321 847 quo
1353 781 1414 849 per
1437 771 1595 825 rectorem
1620 770 1649 825 et

137 917 141 923 ,
237 871 418 919 1111111111
440 857 507 921 1111
528 858 747 932 incarceratus
768 860 874 942 fuerit,
896 860 949 925 vel
970 863 998 926 si
1017 860 1166 948 publicus
1187 861 1418 925 meritricarius
1440 858 1550 940 fuerit,
1569 858 1646 923 scili·

238 959 288 1014 cet
313 953 399 1036 quod
425 954 459 1018 in
481 954 576 1021 domo
602 957 817 1023 habitacionis
846 983 923 1025 suae
950 960 1116 1026 mulierem
1145 951 1329 1047 suspectam
1355 958 1487 1046 publice
1515 960 1647 1023 tenuerit

195 1056 211 1111 5
237 1048 289 1113 vel
314 1051 358 1116 ad
384 1055 553 1120 comodum
578 1055 696 1122 bursae
723 1079 800 1122 suae
824 1059 922 1124 talem
946 1059 1178 1143 introduxerit,
1207 1069 1239 1124 et
1267 1059 1307 1124 de
1330 1059 1392 1124 hoc
1413 1058 1581 1122 convictus
1601 1058 1647 1122 vel

236 1149 401 1216 confessus
422 1152 474 1217 vel
495 1176 555 1242 per
577 1167 802 1223 conventorem
823 1168 955 1246 propter
982 1159 1067 1226 hunc
1095 1168 1126 1225 et
1152 1157 1326 1244 quemlibet
1354 1156 1454 1222 alium
1484 1179 1647 1222 excessum

235 1248 276 1313 de
302 1249 403 1316 bursa
429 1275 487 1319 sua
510 1255 664 1342 expulsus
684 1257 795 1341 fuerit,
822 1257 874 1323 vel
901 1259 935 1325 in
960 1257 1139 1346 prostibulo
1160 1257 1212 1323 vel
1239 1267 1333 1322 extra
1360 1254 1490 1343 publice
1518 1279 1554 1323 se
1581 1279 1646 1344 per·

236 1349 386 1436 cusserit,
414 1351 466 1416 vel
487 1352 534 1418 ibi
554 1353 740 1420 vulneratus
762 1379 803 1421 ex
825 1356 921 1445 culpa
941 1380 1000 1424 sua
1018 1357 1117 1424 fuerit
1136 1364 1251 1444 captus
1272 1354 1325 1420 vel
1345 1354 1578 1442 deprehensus,
1601 1356 1648 1421 vel

235 1448 289 1533 qui
311 1446 354 1513 ad
373 1449 503 1517 taxilles
525 1453 559 1517 in
579 1453 723 1519 tabernis
744 1454 873 1542 publice
899 1456 1021 1539 luserit,
1049 1454 1101 1523 vel
1128 1453 1338 1520 hastiludium
1364 1455 1399 1519 in
1426 1454 1499 1522 foro
1526 1453 1647 1542 publice

196 1554 228 1609 10
237 1550 432 1645 exercuerit,
459 1550 512 1616 vel
541 1554 595 1638 qui
623 1553 732 1619 verbis
757 1555 922 1621 iniuriosis
947 1555 1088 1643 aliquem
1111 1555 1340 1641 magistrorum
1364 1551 1496 1642 publice
1522 1552 1647 1619 laeserit

234 1645 286 1710 vel
313 1647 419 1734 ipsum
442 1651 597 1718 iniuriose
623 1656 833 1740 percusserit,
859 1653 913 1720 vel
939 1655 1060 1720 finitum
1080 1654 1132 1720 vel
1160 1652 1240 1719 alios
1262 1675 1425 1737 excessus,
1453 1674 1535 1738 quos
1557 1653 1646 1717 comi·

234 1755 320 1810 tatur
339 1747 473 1814 infamia
493 1750 544 1815 vel
566 1752 763 1835 scandalum,
791 1755 987 1819 commiserit
1006 1753 1059 1819 vel
1086 1753 1338 1841 perpetraverit:
1379 1773 1517 1839 quorum
1545 1749 1645 1816 nullus

235 1846 338 1910 eciam
359 1847 387 1913 si
407 1847 448 1914 de
471 1849 579 1938 aliquo
599 1853 840 1939 praedictorum
863 1868 1058 1921 excessuum·
1074 1862 1244 1939 suspectus
1263 1850 1317 1917 vel
1342 1850 1518 1917 mfematus
1546 1849 1645 1932 fuffl'l,

235 1947 297 2010 uisi
318 1967 353 2011 se
374 1945 414 2011 de
435 1948 492 2013 teli
513 1973 573 2037 per
593 1975 686 2019 suum
704 1954 920 2020 iuramentum
939 1953 1188 2040 expurgaverit,
1215 1950 1260 2016 ad
1284 1971 1422 2043 examen
1443 1947 1497 2016 vel
1517 1957 1645 2036 tempta·

149 2099 151 2105 .
195 2053 225 2108 1⁵
234 2068 317 2127 meu,
344 2056 380 2110 ut
401 2049 615 2133 praemissum
636 2061 698 2134 est,
727 2052 834 2140 aliquo
854 2051 950 2119 modo
970 2051 1165 2116 admittatur.
1209 2050 1311 2116 Etsi
1338 2048 1465 2136 aliquis,
1495 2046 1645 2113 defectum

233 2145 388 2212 natalium
407 2149 550 2233 paciens,
578 2149 621 2214 ad
645 2150 785 2239 aliquem
799 2151 948 2238 ¹gradum
970 2150 1005 2216 in
1026 2148 1151 2214 artibus
1171 2150 1268 2214 fuerit
1289 2156 1455 2235 promotus
1477 2156 1511 2211 et
1532 2145 1646 2217 dehoc

235 2245 421 2328 constiterit,
443 2246 494 2312 vel
516 2247 543 2312 si
564 2248 605 2314 de
625 2252 697 2337 ipso
716 2249 848 2338 publica
871 2249 1000 2315 laborat
1019 2247 1162 2330 infamia,
1190 2248 1253 2313 nisi
1274 2269 1309 2313 se
1330 2245 1404 2313 talis
1425 2244 1536 2312 debito
1557 2245 1645 2312 modo

235 2347 481 2431 expurgaverit,
514 2347 665 2414 exclusus
696 2351 739 2415 sit
769 2359 923 2438 perpetue
956 2371 976 2413 a
1007 2347 1161 2414 facultate
1192 2347 1331 2428 arcium,
1363 2346 1520 2432 magister
1552 2347 1645 2411 eciam

235 2443 331 2508 talem
365 2447 502 2512 scienter
534 2470 729 2534 promovens
761 2449 802 2515 ab
838 2448 966 2515 actibus
999 2445 1179 2513 scolasticis
1211 2467 1270 2533 per
1306 2444 1481 2510 triennium
1514 2446 1557 2511 sit
1587 2467 1645 2509 sus·

193 2550 366 2629 topensus.
1102 2547 1108 2559 ’

253 2714 301 2776 41.
323 2727 393 2789 Quo
415 2729 514 2781 uono
536 2731 795 2782 esouovmmus
816 2734 852 2782 11
873 2734 1020 2785 mersos
1042 2724 1538 2782 11111111111111111111
1557 2727 1621 2776 van

702 2831 952 2883 1111111111
974 2833 1045 2896 Quo
1067 2831 1178 2880 uono.

315 2959 395 3026 Item
415 2959 520 3026 nullus
543 2960 733 3030 admittatur
759 2963 802 3029 ad
829 2989 966 3032 examen
988 2966 1039 3032 vel
1069 2970 1268 3051 temptameu
1293 2959 1328 3025 in
1355 2956 1492 3042 artibus,
1515 2958 1585 3025 nisi
1611 2957 1648 3025 ad

231 3054 337 3125 minus
358 3082 417 3147 per
438 3083 557 3127 annum
578 3063 739 3150 integrum
759 3065 793 3131 in
812 3063 912 3132 bursa
932 3064 984 3130 vel
1003 3064 1139 3151 collegio
1160 3060 1294 3141 steterit,
1322 3056 1386 3125 nisi
1406 3053 1493 3122 filius
1514 3058 1648 3123 civitatis

193 3158 332 3224 21111111
352 3158 405 3224 vel
426 3158 507 3225 alias
530 3159 612 3225 adeo
634 3162 826 3229 habundans
846 3162 898 3228 vel
918 3164 1069 3230 notabilis
1090 3161 1196 3243 fuerit,
1225 3156 1313 3247 quod
1334 3156 1464 3225 domum
1486 3159 1648 3246 propriam

233 3268 342 3323 tenere
364 3268 395 3324 et
416 3281 578 3346 expensas
599 3263 751 3349 proprias
771 3286 836 3329 una
858 3286 931 3328 cum
958 3264 1114 3350 magistro
1135 3257 1188 3324 vel
1215 3258 1425 3324 informatore
1433 3257 1453 3337 ¹,
1481 3255 1551 3341 vel,
1578 3278 1648 3344 pau·

232 3367 358 3444 pertate
378 3368 545 3444 gravatus,
568 3360 739 3426 serviendo
760 3360 838 3426 alibi
860 3384 1021 3449 expensas
1043 3363 1077 3426 in
1098 3368 1165 3425 toto
1186 3356 1239 3423 vel
1259 3379 1319 3444 pro
1340 3354 1517 3421 medietate
1537 3356 1649 3445 poterit

232 3455 352 3521 habere
379 3458 492 3543 gratis,
519 3457 560 3524 de
587 3481 649 3547 quo
670 3458 766 3525 fidem
794 3460 941 3526 facultati
971 3460 1030 3525 sub
1053 3483 1112 3525 sua
1139 3455 1342 3524 consciencia
1369 3475 1430 3542 per
1456 3454 1540 3522 duos
1567 3456 1648 3522 viros

232 3556 386 3642 ydoneos,
409 3557 464 3642 qui
486 3556 621 3622 credaut
642 3560 689 3623 ita
709 3558 788 3642 fore,
809 3559 917 3624 facere
939 3559 1111 3646 obligatur.

188 3748 222 3804 30
363 3746 411 3808 42.
432 3758 480 3805 nn
501 3758 703 3809 1111111111
725 3759 954 3809 1111111111
976 3757 1179 3809 1111111111
1202 3754 1519 3804 1111111111111.

826 3896 885 3959 ugr.
905 3909 929 3944 a.
948 3893 985 3946 st.
1005 3895 1046 3946 11.

314 4025 397 4090 Item
427 4024 569 4091 decanus
600 4024 721 4091 nullum
753 4025 849 4093 debet
879 4024 1057 4091 inscribere
1088 4046 1150 4113 pro
1176 4023 1336 4106 examine,
1366 4020 1431 4087 nisi
1462 4023 1557 4110 prius
1589 4021 1648 4088 tale

231 4124 344 4189 fecerit
375 4126 604 4189 iuramentum:
645 4125 738 4212 „Ego
770 4126 818 4191 .N.
848 4124 934 4207 iuro,
966 4124 1052 4212 quod
1082 4145 1143 4189 nec
1171 4125 1302 4189 accione
1332 4142 1393 4186 nec
1420 4119 1566 4204 ulcione,
1593 4143 1647 4187 nec

230 4223 330 4290 verbo
352 4245 412 4289 nec
433 4223 530 4306 facto,
557 4245 617 4288 nec
637 4247 696 4312 per
725 4247 777 4290 me
797 4247 858 4290 nec
874 4233 943 4311 'per
965 4223 1075 4306 alium,
1101 4244 1162 4288 nec
1183 4222 1305 4287 directe
1325 4241 1387 4286 nec
1408 4219 1578 4305 indirecte,
1601 4219 1647 4284 vel

190 4333 423 4412 ttquocunque
453 4322 518 4388 alio
545 4322 642 4389 modo
669 4348 721 4389 me
747 4324 844 4390 velim
871 4324 1053 4406 vindicare,
1083 4324 1111 4387 si
1139 4320 1182 4386 ad
1211 4342 1349 4386 examen
1374 4319 1428 4385 vel
1456 4328 1646 4407 temptamen

231 4444 297 4489 non
323 4423 415 4487 fuero
444 4420 605 4488 admissus
634 4423 685 4488 vel
713 4425 816 4489 eciam
848 4432 923 4511 post
950 4445 1088 4488 examen
1116 4420 1168 4485 vel
1195 4429 1393 4507 temptamen
1421 4421 1572 4505 reiectam,
1595 4417 1647 4484 sub

231 4540 339 4608 poena
363 4521 508 4608 periurii,
535 4521 621 4607 quod
648 4531 760 4588 contra
786 4524 909 4589 faciens
936 4524 1008 4609 ipso
1035 4522 1121 4587 facto
1147 4522 1287 4602 incurro,
1314 4528 1346 4585 et
1367 4527 1497 4585 centum
1522 4519 1646 4585 floreno·

231 4643 312 4703 rum,
342 4643 477 4707 quorum
505 4620 663 4687 medietas
691 4621 785 4688 cedat
812 4623 873 4707 illi,
903 4646 996 4711 quem
1028 4623 1075 4687 sic
1101 4621 1273 4708 impetam,
1300 4617 1365 4683 alia
1393 4639 1472 4685 vero
1497 4617 1642 4686 medietas

233 4720 327 4786 cedat
346 4719 524 4786 facrdtati.“

314 4991 324 5042 t
346 4984 487 5043 Hier-nach
503 5002 561 5040 var
577 4985 697 5059 amangs
709 4948 816 5057 poterit
832 4985 1020 5057 gesehrieben
1039 4983 1106 5040 aber
1123 4982 1223 5040 wieder
1240 4978 1462 5052 aurasicum.
