3756 6158
606 463 691 516 Achra
710 464 978 528 Statutenrcdaction‚
1003 482 1062 516 vom
1082 467 1163 517 Jahrc
1186 464 1258 520 1559.
1575 467 1636 532 519

231 672 276 764 [S.
298 676 328 763 8]
352 695 411 756 our
432 694 555 743 roous1
576 697 756 747 rumorum
779 700 867 764 surr,
889 702 934 747 ur
956 701 992 748 1u
1014 700 1201 749 cousmrun
1222 699 1398 747 ruuurcuu
1420 699 1616 748 caesurus.

831 834 941 899 Caput
966 837 1023 888 111.

292 964 497 1028 Professores
519 963 668 1049 publicae
689 965 854 1030 doctrinae
877 977 1028 1053 oportere
1049 989 1120 1031 esse
1141 969 1174 1033 in
1196 966 1329 1031 consilio
1358 965 1487 1052 publico
1514 965 1635 1030 dictum

210 1072 268 1126 est.
311 1063 394 1128 Cum
416 1065 500 1127 enim
526 1063 708 1129 liberalium
738 1064 914 1130 studiorum
937 1076 969 1130 et
990 1065 1233 1152 disciplinarum
1257 1064 1431 1151 explicatio
1454 1088 1493 1130 ac
1518 1065 1634 1150 guber-

209 1164 298 1227 natio
321 1163 416 1226 huius
440 1164 677 1227 communitatis
705 1166 840 1250 propria
868 1166 923 1245 sit,
950 1166 991 1230 ab
1021 1188 1059 1230 ea
1087 1166 1288 1251 professores
1318 1165 1483 1228 doctrinae
1505 1163 1633 1228 ordina·
1659 1173 1675 1227 5

209 1262 279 1325 riae
309 1260 423 1325 abesse
454 1272 701 1326 consentaneum
731 1286 795 1327 non
825 1273 881 1328 est
923 1265 996 1329 Hoc
1025 1266 1123 1349 igitur
1151 1263 1265 1327 reddet
1293 1285 1539 1350 unumquenque
1567 1262 1634 1327 ido-

208 1382 314 1441 neum,
336 1370 371 1424 ut
391 1359 496 1424 locum
515 1362 550 1424 in
571 1360 703 1426 consilio
725 1361 937 1448 adipiscatur,
958 1363 1044 1451 quod
1065 1387 1085 1428 a
1105 1364 1332 1428 communitate
1355 1360 1454 1425 studii
1475 1361 1633 1426 bonarum

210 1460 328 1523 artium
350 1481 466 1524 munus
498 1459 617 1524 habeat
648 1459 785 1525 docendi
819 1461 947 1548 publice
978 1462 1041 1528 sibi
1074 1462 1272 1527 mandatum.
1313 1461 1448 1526 Praeter
1478 1458 1547 1543 hos,
1580 1462 1635 1548 qui

208 1557 337 1643 legendi
351 1557 555 1640 videbuntur,
577 1568 611 1622 ut
632 1561 666 1623 in
688 1559 821 1625 consilio
843 1561 917 1642 sint,
939 1562 963 1624 ii
985 1561 1156 1627 iubeantur
1179 1571 1288 1648 petere
1311 1582 1331 1625 a
1351 1558 1483 1640 decano,
1507 1558 1632 1624 admitti

209 1680 281 1723 sese
302 1656 373 1722 loco
397 1681 463 1723 suo.
505 1658 557 1722 Dc
579 1656 641 1722 hac
662 1659 815 1746 petitione
837 1657 978 1724 decanus
1001 1660 1044 1726 ad
1071 1660 1270 1748 professores
1293 1658 1443 1746 publicae
1465 1657 1631 1723 doctrinae
1645 1668 1676 1722 10

207 1757 344 1822 referet·
371 1756 569 1821 Adrnittetur
592 1769 699 1822 autem
722 1758 834 1844 petitio
857 1780 970 1824 eorum
992 1771 1128 1843 tantum,
1150 1782 1229 1846 quos
1251 1759 1440 1838 constiterit,
1463 1768 1634 1844 postquam

208 1857 357 1940 magistri
378 1856 455 1921 facti
477 1867 600 1938 essent,
626 1880 689 1922 uno
717 1879 801 1922 anno
823 1859 856 1921 in
878 1859 939 1923 hac
959 1858 1129 1924 academia
1151 1857 1259 1923 studia
1280 1856 1438 1922 bonarum
1464 1858 1582 1920 artium
1603 1867 1635 1921 et

209 1954 410 2020 honestatem
433 1954 579 2020 coluisse.
619 1956 702 2020 Tum
725 1979 802 2020 voro
831 1958 961 2042 petitori
988 1959 1129 2023 decanus
1157 1967 1382 2043 argumentum
1411 1965 1442 2019 ct
1463 1957 1633 2019 materiam

208 2052 325 2135 tradet,
348 2053 388 2118 de
409 2078 474 2142 qua
495 2056 578 2119 inter
600 2056 798 2141 professores
823 2055 988 2122 doctrinae
1011 2056 1160 2144 publicae
1175 2058 1370 2137 convenerit,
1391 2077 1525 2141 eamque
1545 2054 1632 2118 iubo-

208 2151 256 2217 bit
277 2155 447 2239 petitorem
468 2154 654 2237 informare,
685 2153 727 2219 ad
756 2153 1050 2243 disputandumque
1077 2154 1306 2220 cousuetudine
1329 2153 1522 2218 scholastica
1545 2164 1630 2218 certo
1645 2163 1674 2217 15

208 2251 261 2317 die
290 2250 419 2338 publico
441 2274 632 2340 proponere,
661 2262 693 2317 et
715 2253 853 2335 studere,
881 2265 916 2318 ut
943 2257 1111 2342 proposita
1133 2253 1334 2341 explicentur
1355 2264 1386 2317 et
1411 2251 1632 2317 defendantur.

208 2351 282 2432 Quo
304 2352 389 2417 facto
412 2353 538 2433 iterum,
566 2363 640 2438 post
661 2375 779 2416 annum
802 2354 941 2439 primurn
961 2356 1150 2439 magisterii,
1180 2365 1214 2417 ut
1236 2352 1357 2417 dictum
1380 2361 1429 2415 est
1450 2365 1540 2424 (nam
1563 2350 1633 2414 bre-

208 2453 299 2517 viore
321 2461 466 2538 tempore
489 2453 633 2538 spectari
655 2453 756 2517 vitam
779 2463 810 2515 et
832 2451 939 2516 studia
962 2462 1126 2538 petentum
1148 2475 1212 2516 non
1234 2457 1386 2536 oportet),
1413 2452 1474 2514 nisi
1497 2447 1633 2536 impedi-

206 2563 349 2615 mentum
373 2549 463 2614 aliud
485 2547 716 2637 obiicia[9]tur
741 2549 795 2625 (de
822 2573 884 2636 quo
909 2555 1049 2637 cognitio
1077 2551 1191 2616 decani
1213 2573 1277 2614 una
1300 2573 1370 2615 curn
1394 2549 1632 2636 professoribus

208 2651 294 2732 erit),
320 2652 385 2714 iam
407 2648 543 2714 idoneus
565 2649 725 2715 habeatur
748 2651 877 2736 petitor,
899 2653 1032 2735 quisue
1057 2651 1138 2733 loeo,
1162 2652 1250 2714 utin
1271 2648 1405 2715 consilio
1429 2647 1558 2735 publico
1582 2649 1675 2728 sisto

207 2746 407 2813 admittatur.
449 2749 655 2814 Praefcretur
678 2758 783 2813 autern
808 2751 943 2813 caeteris
965 2751 1002 2830 is,
1033 2752 1087 2835 qui
1115 2761 1188 2814 ante
1219 2748 1299 2813 alios
1328 2770 1459 2812 munere
1487 2747 1542 2812 illo
1568 2746 1631 2811 dis·

206 2849 410 2934 putationum
437 2849 533 2912 fuerit
558 2848 697 2911 functus.
739 2846 845 2931 Atque
872 2849 904 2910 in
932 2847 1053 2913 talibus
1077 2847 1351 2935 disputationibus
1375 2870 1484 2911 ornnes
1507 2845 1631 2912 consilii

207 2947 327 3034 publici
363 2949 539 3035 participes
571 2945 724 3010 mandato
757 2945 872 3010 decani
905 2945 1019 3011 adesse
1050 2947 1220 3012 debebunt.
1263 2946 1301 3010 ln
1340 2945 1538 3013 admittendo
1576 2968 1632 3009 seu

207 3046 395 3133 recipiendo
428 3045 567 3133 aliquem
601 3044 643 3109 ad
676 3045 846 3110 consilium
879 3066 967 3109 moro
996 3047 1154 3110 maiorum
1190 3045 1362 3132 promissio
1396 3044 1535 3109 solennis
1565 3044 1631 3126 fiat,

205 3144 268 3210 hac
288 3146 409 3209 forma:
1639 3152 1671 3207 25

289 3260 381 3346 „Ego
404 3261 452 3325 .N.
482 3262 636 3347 promitto
659 3259 753 3325 vobis
775 3259 898 3326 decano
921 3270 952 3325 et
978 3260 1220 3324 successoribus
1247 3258 1465 3324 obedientiam
1487 3257 1629 3323 debitam

206 3371 237 3425 et
259 3359 390 3446 dignam
413 3362 637 3441 reverentiam,
661 3370 693 3424 et
713 3362 746 3424 in
766 3361 933 3425 sententiis
955 3359 1101 3425 dicendis
1123 3359 1328 3447 ferendisque
1345 3359 1508 3443 suffragiis
1523 3357 1629 3440 fidem,

205 3471 238 3523 et
259 3460 509 3524 taciturnitatem
532 3461 565 3524 in
588 3461 637 3540 iis,
666 3481 749 3544 quae
769 3460 803 3522 in
825 3458 961 3523 consilio
983 3481 1177 3545 cognovero,
1201 3458 1358 3545 tegendis,
1381 3469 1413 3523 et
1434 3456 1575 3522 studium
1597 3460 1630 3520 in

204 3557 355 3644 augenda
377 3569 409 3623 et
430 3558 576 3623 ornanda
606 3561 833 3623 communitate
862 3568 982 3640 nostra,
1012 3581 1072 3645 pro
1094 3582 1165 3623 mea
1186 3558 1281 3623 virili.
1323 3558 1395 3622 Non
1417 3559 1514 3622 etiam
1538 3568 1629 3621 auwr

204 3680 261 3723 ero
290 3669 346 3722 aut
374 3680 489 3723 suasor
517 3660 729 3724 contentionis
757 3656 936 3741 dissidiive,
967 3681 1029 3743 quo
1059 3660 1147 3724 natio
1174 3657 1336 3743 implicari
1365 3667 1396 3722 et
1420 3657 1518 3721 factio
1547 3658 1670 3721 oriri30

204 3756 316 3844 possit
357 3757 430 3822 Hoc
452 3760 615 3844 promitto,
637 3756 786 3843 obligans
807 3781 858 3822 me
878 3756 1088 3822 iurisiurandi
1110 3756 1275 3842 religione.
1314 3756 1417 3838 Etsi,
1441 3754 1527 3843 quod
1549 3754 1628 3818 deus

205 3865 347 3937 avertat,
377 3855 495 3936 fallam,
522 3859 592 3944 ipse
621 3855 700 3920 milii
729 3856 813 3920 hanc
841 3879 979 3943 poenam
1005 3866 1121 3939 statuo,
1150 3866 1185 3921 ut
1206 3879 1248 3920 cx
1268 3856 1496 3920 communitate
1517 3853 1627 3918 landa·

204 3955 332 4020 tissima
351 3954 413 4020 hac
434 3956 555 4038 efficiar,
577 3978 681 4043 neque
704 3956 790 4021 dieto
811 3978 915 4044 noque
935 3956 1020 4020 facto
1043 3954 1220 4020 vindictam
1245 3955 1491 4040 usurpaturus.“

288 4088 360 4155 Non
387 4087 544 4170 volumus,
577 4089 746 4153 intermitti
778 4087 819 4153 ab
848 4090 899 4172 iis,
929 4090 984 4176 qui
1016 4090 1050 4153 in
1079 4086 1316 4153 communitatis
1339 4087 1437 4151 studii
1470 4087 1627 4151 bonarum

204 4189 325 4253 artium
355 4187 524 4252 concilium
559 4187 685 4252 admitti
719 4189 864 4273 cupient,
900 4187 1102 4253 sedulitatem
1134 4185 1358 4271 frequentandi
1391 4185 1669 4271 disputationes&

204 4285 355 4374 publicas
377 4295 409 4350 et
430 4286 612 4374 complendi
633 4309 799 4351 numerum
823 4288 1001 4352 sessionum
1024 4287 1143 4351 veteris
1164 4285 1426 4351 observationis.¹
1467 4284 1515 4348 Ac
1542 4283 1627 4348 idern

203 4408 291 4451 nunc
310 4385 381 4450 fieri
396 4386 429 4450 in
451 4386 512 4452 bac
533 4397 625 4473 parte
648 4385 763 4473 placet,
786 4385 873 4472 quod
894 4397 959 4450 tam
981 4385 1125 4450 moribus
1145 4384 1361 4451 introductum
1382 4406 1479 4471 quarn
1501 4383 1627 4470 legibus

204 4487 270 4550 iam
292 4484 413 4549 dudum
435 4496 484 4551 est
506 4487 721 4550 constitutum.

290 4601 355 4684 Qui
387 4624 429 4665 ex
461 4602 625 4686 magistris
658 4601 850 4666 consiliariis
887 4600 1070 4666 ascenderit
1107 4600 1243 4687 gradum
1280 4600 1425 4666 altiorem
1460 4599 1628 4687 dignitatis

205 4700 419 4767 scholasticae
441 4712 474 4764 et
494 4699 650 4765 licentiati
672 4712 728 4765 aut
754 4702 850 4765 etiarn
872 4699 1013 4766 doctoris
1037 4697 1100 4787 [10]
1124 4699 1216 4765 titulo
1240 4710 1372 4764 ornatus
1400 4701 1504 4780 tuerit,
1531 4701 1569 4780 is,
1599 4701 1668 4765 sito

205 4801 386 4866 doctrinam
414 4800 569 4864 bonarum
598 4801 716 4864 artium
745 4798 873 4884 publice
900 4801 932 4865 in
960 4798 1021 4863 hac
1049 4801 1277 4865 communitate
1301 4798 1502 4885 profiteatur,
1525 4798 1626 4863 donee

204 4923 269 4967 nou
292 4898 333 4964 ab
356 4897 459 4964 altera
482 4901 708 4964 communitate
730 4899 883 4985 quapiam
910 4920 1025 4964 munus
1051 4897 1216 4986 publicam
1245 4897 1425 4963 doctrinam
1456 4896 1626 4984 profitendi

205 5055 330 5064 ——n-r
357 5055 536 5061 ———.-.

293 5138 302 5187 t
321 5133 375 5187 Am
395 5131 504 5187 Raude:
530 5131 720 5199 Quostrops'ato
736 5129 849 5184 scilieet.
867 5130 937 5186 Soet.
955 5135 980 5184 ³.
997 5130 1067 5185 star.
1088 5135 1110 5185 1.
1129 5129 1187 5184 sol.
1209 5134 1239 5185 15
1256 5130 1286 5183 in
1301 5129 1410 5184 ammas
1426 5129 1567 5185 vmbros.
