3810 6150
594 490 644 539 Die
662 489 782 540 statutor
799 502 863 539 vom
879 489 962 539 amre
985 488 1057 541 ¹445.
1476 487 1535 550 271

193 673 225 735 3.
253 667 336 733 ltem
356 667 493 755 quilibet
513 669 588 733 talis
608 670 770 736 tenebitur
792 672 877 735 infra
898 670 1039 757 primum
1053 665 1133 757 [21⁸]
1145 690 1287 733 mensem
1307 687 1385 731 auae
1407 665 1535 731 electio·

117 769 164 831 nis
183 777 216 833 et
234 767 416 832 vocationis
441 770 564 834 intrare
591 780 623 834 et
642 769 825 834 inhabitare
853 768 1023 853 collegium
1051 767 1112 832 suh
1140 790 1245 854 poena
1270 766 1433 831 carentiae
1460 787 1538 830 suae

119 868 272 954 portionis
291 866 412 948 totalis,
435 889 603 956 quousque
622 868 792 954 collegium
813 868 949 933 intrabit
971 877 1003 930 et
1023 866 1229 932 inhabitabit.

195 972 226 1031 4.
255 966 337 1030 item
358 967 495 1054 quilibet
521 967 563 1032 de
583 991 667 1033 novo
689 971 815 1032 intrans
836 979 962 1031 tenetur
983 967 1067 1030 infra
1093 967 1232 1052 primum
1252 984 1396 1028 mensem
1419 964 1468 1028 sui
1489 964 1536 1027 in·

116 1067 229 1130 troitm
250 1065 422 1152 prandium
443 1090 535 1133 suum
555 1089 615 1154 pro
635 1066 771 1152 collegio
785 1067 863 1131 dare
885 1064 944 1130 sub
966 1087 1072 1151 poena
1094 1066 1257 1129 carentiae
1273 1063 1432 1150 portionis
1445 1084 1532 1144 suae,
1560 1073 1576 1126 t

117 1164 218 1229 donec
236 1165 358 1230 iecerit.

197 1272 225 1330 5.
255 1264 337 1329 ltem
358 1265 493 1350 quilibet
513 1266 612 1330 etiam
634 1263 719 1346 talis,
741 1276 875 1329 vocatus
904 1285 964 1351 per
987 1272 1231 1348 procuratorem
1250 1261 1386 1346 collegii,
1413 1263 1441 1325 si
1464 1263 1536 1348 quis

117 1361 261 1444 habetur,
287 1361 369 1427 alias
391 1386 450 1451 per
470 1367 659 1451 pincernam
680 1365 909 1449 magistrorum
937 1374 992 1425 aut
1016 1361 1171 1425 famulum
1198 1362 1385 1447 praepositi,
1410 1369 1537 1424 tenetur

117 1461 193 1526 dare
227 1463 261 1544 ¹s,
292 1460 398 1528 florini
430 1465 602 1551 propinem
632 1463 751 1543 eidem3
805 1464 839 1526 ui
871 1459 1013 1526 familiae
1042 1459 1255 1526 distribuatur
1275 1459 1337 1524 hoc
1366 1458 1471 1542 modo,
1501 1467 1537 1523 ut

117 1570 306 1647 procurator
326 1558 447 1626 habeat
467 1562 672 1628 medietatem
693 1563 802 1646 totius,
824 1563 983 1627 tertianus
1007 1566 1021 1626 1
1044 1575 1094 1645 pp,
1123 1557 1287 1624 residuum
1309 1567 1418 1623 autem
1439 1557 1535 1624 detur
1545 1568 1577 1623 10

119 1681 193 1725 coco
215 1658 268 1724 vel
287 1681 393 1727 cocae.

195 1764 225 1828 b.
254 1758 335 1824 Item
364 1758 499 1848 quilibet
526 1758 715 1845 collegiatus
744 1769 814 1825 oret
844 1781 974 1824 cursum
1005 1757 1046 1823 dc
1074 1756 1171 1823 beata
1197 1758 1324 1843 virgine
1354 1756 1478 1840 Maria;
1509 1760 1537 1822 si

119 1857 287 1944 presbyter
313 1859 388 1941 luit,
415 1861 449 1922 in
478 1856 621 1943 qualibet
648 1856 852 1923 hebdomada
881 1857 970 1923 dicat
991 1879 1089 1921 uuam
1117 1857 1249 1921 missam
1279 1877 1338 1942 pro
1366 1855 1535 1940 defunctis,

117 1979 178 2022 non
199 1957 371 2045 presbyter
392 1957 491 2023 semel
510 1957 641 2043 vigilias
663 1957 704 2022 de
726 1979 842 2021 novem
869 1954 1061 2022 lectionibus
1082 1977 1142 2041 pro
1163 1953 1389 2019 fundatoribus
1411 1964 1443 2019 et
1462 1955 1536 2021 aliis

119 2056 242 2143 collegii
271 2056 548 2139 benefactoribus3
581 2058 614 2120 in
645 2080 740 2122 sacra
768 2077 894 2143 quoque
924 2053 1087 2140 theologia
1116 2053 1269 2118 lectiones
1299 2052 1411 2118 audiat
1440 2063 1474 2119 et
1500 2055 1534 2119 in
1547 2066 1577 2120 tt

119 2155 239 2221 artibus
253 2156 387 2239 laboret,
409 2158 551 2221 maxime
565 2156 593 2221 si
609 2155 752 2221 delectus
766 2157 996 2241 magistrorum
1015 2154 1120 2236 fuerit,
1144 2150 1222 2242 [ppo]
1244 2175 1409 2241 quousque
1429 2155 1536 2240 ipsum

120 2257 291 2323 sententias
308 2257 417 2342 legere
431 2258 606 2342 contingat,
626 2265 667 2338 et,
690 2255 789 2321 linitis
810 2255 976 2320 sententiis
997 2253 1184 2338 praedictis,
1205 2253 1257 2318 vel
1278 2253 1311 2317 in
1332 2274 1427 2318 sacra
1448 2253 1536 2318 theo-

119 2353 204 2440 logia
227 2354 324 2439 legat,
346 2353 524 2421 secundum
545 2354 632 2441 quod
653 2354 817 2420 videbitur
842 2352 905 2418 sibi
933 2353 1098 2441 expedire,
1127 2352 1187 2418 sub
1212 2374 1319 2439 poena
1345 2353 1537 2437 privationis

120 2456 275 2539 portionis
296 2477 386 2538 suae,
408 2475 576 2540 quousque
594 2453 656 2519 hoc
677 2455 799 2519 feccrit

199 2560 227 2618 7.
257 2552 339 2619 Item
361 2551 470 2618 nullus
493 2551 735 2638 collegiatorum
754 2551 939 2618 introducat
960 2552 1127 2619 mulierem
1148 2560 1332 2639 suspectam
1358 2559 1414 2616 aut
1435 2561 1578 2617 mere-eo

120 2653 229 2718 tricem
247 2654 281 2718 in
304 2652 475 2738 collegium
496 2653 564 2717 sive
584 2650 716 2716 bursam
743 2651 858 2716 dedis
885 2653 955 2717 sive
981 2663 1085 2733 nocte,
1113 2674 1174 2717 nec
1200 2650 1281 2716 alias
1308 2660 1415 2715 actum
1442 2672 1535 2716 vene

120 2773 207 2819 reum
228 2751 310 2819 inibi
330 2761 496 2831 exerceat3
520 2751 717 2816 contrarium
739 2753 871 2833 iaciens,
894 2753 921 2816 si
943 2752 1118 2834 confessus,
1145 2752 1312 2816 convictus
1334 2760 1391 2814 aut
1413 2750 1453 2815 de
1475 2750 1536 2816 hoc

120 2860 286 2937 suspectus
307 2874 344 2918 se
364 2871 550 2938 expurgare
569 2851 760 2934 nequiverit,
789 2850 899 2916 decem
919 2850 1050 2916 florenis
1072 2852 1226 2937 puniatur
1246 2871 1319 2914 cum
1340 2848 1454 2914 effectu
1475 2873 1535 2937 pro

120 2960 277 3016 structma
304 2949 483 3030 solvendis,
515 2970 596 3034 quos
625 2953 652 3013 si
680 2950 766 3015 infra
796 2949 939 3015 triduum
966 2971 1030 3014 non
1059 2948 1207 3031 solverit,
1239 2947 1449 3034 collegiatura
1478 2972 1536 3016 sua

119 3048 187 3134 ipso
208 3049 294 3116 lactc
315 3051 359 3115 sit
379 3050 536 3136 privatus.
568 3047 892 3114 Commensalisvcro
914 3056 971 3113 aut
991 3047 1142 3130 herculis,
1162 3050 1196 3113 in
1218 3045 1378 3113 consimili
1398 3058 1576 3116 excessu25

120 3160 272 3234 repertus,
295 3148 399 3214 solvat
424 3170 483 3235 pro
506 3169 612 3235 poena
634 3158 770 3234 quatuor
798 3147 936 3213 florenos
963 3149 1048 3213 infra
1074 3147 1225 3229 triduum,
1254 3146 1335 3212 alias
1358 3167 1379 3210 a
1399 3146 1536 3232 collegio

119 3257 150 3311 et
168 3246 270 3312 bursa
288 3256 447 3334 perpetim
468 3248 510 3312 sit
530 3245 688 3312 exclusus.

199 3349 229 3413 8.
259 3345 341 3411 Item
369 3345 505 3434 quilibet
530 3344 728 3431 collegiatus,
757 3347 785 3410 si
812 3345 930 3412 viderit
958 3356 990 3412 et
1015 3345 1184 3428 audiverit,
1206 3346 1292 3433 quod
1321 3345 1404 3412 alius
1431 3348 1535 3433 ipsius

119 3446 239 3532 collega
271 3446 340 3510 sive
371 3445 623 3531 concollegiatus
655 3445 796 3533 aliquam
826 3445 991 3511 mulierem
1014 3447 1048 3512 in
1070 3445 1201 3511 civitate
1223 3447 1293 3512 sive
1324 3456 1418 3512 exue
1450 3442 1534 3533 [22⁵]

121 3549 227 3613 visitat
247 3547 315 3610 sive
337 3547 366 3610 ei
388 3544 545 3611 adhaeret
565 3545 676 3610 autin
697 3545 867 3630 collegium
885 3544 1070 3627 introducit,
1091 3544 1176 3610 unde
1196 3545 1268 3633 ipsc
1287 3555 1344 3611 aut
1364 3545 1577 3631 collegiumto

119 3647 150 3711 in
168 3646 272 3732 ipsius
294 3665 435 3731 persona
454 3654 564 3710 notam
586 3666 643 3709 seu
661 3667 725 3710 non
753 3644 871 3712 honam
901 3646 1021 3710 famam
1050 3647 1155 3732 possit
1181 3644 1380 3729 contrahere,
1410 3657 1535 3711 tenetur

120 3744 175 3810 sub
201 3750 262 3810 suo'
285 3746 466 3808 iuramento
494 3744 602 3828 ipsum
629 3745 837 3810 manifestare
864 3755 897 3810 et
922 3744 1117 3809 denunciare
1143 3745 1332 3832 praeposito
1358 3755 1390 3811 et
1418 3748 1537 3811 seniori

120 3845 289 3931 magistro,
318 3854 349 3908 et
371 3844 398 3907 si
419 3843 623 3929 praepositus
653 3854 689 3908 ut
716 3845 934 3930 praemittitur
961 3841 1146 3930 culpabilis·
1165 3844 1271 3926 fuerit,
1299 3843 1387 3910 dicat
1408 3843 1534 3910 duobus

118 3941 297 4009 senioribus
317 3941 494 4028 magistris,
524 3943 579 4029 qui
600 3940 640 4007 de
661 3942 721 4008 hoe
742 3941 914 4028 diligenter
936 3942 1055 4008 debent
1082 3943 1252 4008 sciscitari.
1293 3943 1337 4009 Et
1363 3946 1391 4009 si
1418 3945 1465 4009 ita
1486 3945 1534 4008 in·

117 4043 272 4124 venerint,
290 4051 368 4106 tunc
381 4039 519 4107 eundem
532 4040 746 4127 collegiaturu,
768 4041 980 4108 denunciare¹
1001 4065 1066 4108 non
1087 4041 1273 4126 revelando,
1295 4043 1359 4130 piis
1374 4042 1483 4108 verbis
1499 4052 1572 4110 etet

117 4139 392 4215 cohortationibus
413 4137 596 4205 salubribus
617 4151 769 4207 moneant
788 4151 821 4206 et
839 4140 1002 4223 inducant,
1023 4150 1058 4207 ut
1077 4141 1261 4209 huiusmodi
1274 4164 1447 4229 personam
1459 4143 1534 4209 visi·

116 4251 184 4307 tare
207 4261 265 4306 seu
290 4239 334 4305 ad
355 4236 526 4326 collegium
548 4251 580 4304 et
604 4238 736 4306 bursam
761 4240 964 4306 introducere
993 4250 1181 4329 postponat,
1210 4241 1287 4327 quia
1311 4241 1388 4308 inde
1415 4241 1476 4307 sibi
1503 4252 1535 4307 et

117 4338 250 4427 collegio
280 4348 359 4404 note
386 4347 418 4404 et
442 4337 585 4404 confusio
613 4348 723 4427 posset
749 4341 894 4418 evenire3
922 4341 949 4405 si
976 4338 1115 4406 secundo
1141 4340 1249 4426 ipsam
1270 4342 1452 4408 visitaverit
1479 4350 1535 4407 aut

117 4438 158 4504 ad
187 4436 359 4525 collegium
390 4438 460 4503 sive
487 4436 619 4503 bursam
649 4437 881 4521 introduxerit,
915 4447 1081 4504 assumant
1108 4439 1268 4526 praedicti
1295 4440 1358 4509 duo
1386 4443 1535 4528 magistri

117 4544 302 4626 sequentem
324 4539 358 4602 in
380 4536 494 4603 ordine
516 4537 675 4603 seniorem
697 4547 729 4603 et
749 4537 856 4624 ipsum
880 4537 1020 4604 seeundo
1042 4550 1194 4605 moneant
1224 4539 1320 4606 modo
1344 4541 1575 4628 praemissotd

117 4635 213 4716 Quod
234 4638 262 4701 si
281 4657 346 4700 non
367 4636 530 4700 curaverit
550 4635 607 4701 scd
629 4636 663 4701 in
684 4659 743 4702 sua
764 4638 891 4724 pertine
899 4635 950 4723 [22
957 4634 982 4723 b]
991 4638 1043 4703 cia
1063 4636 1299 4724 perduraverit,
1320 4638 1420 4705 faciat
1440 4661 1534 4727 prae·

116 4737 240 4822 positus
264 4734 536 4817 convocationem,
559 4735 727 4823 praedicto
748 4735 920 4822 collegiato
934 4738 1093 4823 pertinaci
1114 4747 1294 4824 praesente,
1318 4750 1350 4802 et
1373 4750 1534 4826 proponat

120 4832 249 4922 publice
278 4836 484 4921 praepositus
515 4843 561 4916 et,
595 4836 623 4899 si
654 4838 859 4924 praepositus
890 4838 986 4900 l'ucrit
1016 4859 1104 4917 rcus,
1135 4846 1211 4901 tunc
1242 4836 1349 4901 senior
1379 4839 1535 4923 magister

118 4933 210 5000 huius
228 4934 442 5021 pertinaciam
464 4943 497 4998 et
521 4931 740 5019 rebellionem,
762 4943 793 5003 et
814 4945 889 5001 tunc
909 4958 951 5001 ex
973 4934 1247 5023 superabundanti
1269 4937 1364 5003 tertio
1385 4939 1534 5025 magistri

202 5154 213 5207 l
234 5147 474 5206 Wahrscheinlich
492 5149 697 5206 demetiam
714 5151 779 5206 oder
794 5150 1035 5205 doramohets'onem

1723 604 1756 667 eft
