3756 6158
257 464 317 529 288
601 462 656 512 Das
668 463 869 526 Franenoolleg.
894 463 944 513 Die
963 460 1082 513 statutas
1100 475 1162 513 vom
1179 461 1262 515 labro
1276 464 1352 517 loss.

258 640 412 708 mulctam
448 638 730 730 quadruplicatam
767 641 944 730 persolvito
979 652 1012 706 et
1046 663 1088 707 ex
1121 641 1256 708 aedibus
1288 643 1416 732 collegii
1447 666 1520 709 cum
1552 642 1676 708 infamia

256 743 405 829 protinus
434 740 624 807 excluditor.
668 741 764 823 Quod
792 740 938 806 similiter
963 740 1005 806 de
1030 741 1286 809 comessantibus
1317 752 1349 808 et
1374 741 1595 809 assidentibus
1620 740 1675 807 illis

254 840 403 928 turpibus
424 838 614 907 mulieribus
635 840 835 907 intellectum
856 840 1017 907 volumus.

768 1024 815 1070 DE
838 1022 1013 1073 cusronm
1032 1021 1166 1072 muron.

211 1148 228 1203 5
849 1140 1013 1192 statutum
1031 1140 1084 1192 1x.

336 1253 438 1319 'lotas
466 1275 565 1340 saepe
587 1256 832 1320 communitates
860 1253 1054 1320 miserabilit
1040 1262 1089 1319 ter
1117 1252 1267 1318 incendio
1297 1251 1492 1369 deflagrare
1510 1252 1672 1336 interdum,

252 1351 305 1420 vel
326 1355 422 1418 unius
441 1354 583 1440 imperiti
605 1365 637 1418 et
661 1355 773 1467 ignavi
793 1349 1000 1439 homi[33]nis
1021 1351 1218 1439 negligentia
1245 1354 1306 1416 et
1297 1354 1433 1437 mcuria,
1459 1354 1559 1418 nimis
1583 1353 1673 1418 mani·

253 1453 372 1518 festum
401 1461 458 1516 est.
500 1452 615 1540 ltaque
645 1454 785 1539 primum
814 1473 945 1517 oramus
976 1462 1141 1517 aeternum
1170 1459 1297 1538 patrem
1326 1451 1449 1517 domini
1478 1453 1587 1517 nostri
1610 1451 1673 1518 Iesu

254 1551 387 1633 Christi,
408 1560 446 1615 ut
466 1561 498 1616 et
518 1573 577 1615 nos
599 1559 631 1615 et
651 1561 752 1616 totam
773 1549 866 1615 huius
888 1548 1076 1615 academiae
1097 1572 1137 1614 ac
1155 1547 1246 1614 urbis
1264 1549 1500 1637 rempublicam
1517 1550 1561 1616 ab
1575 1536 1673 1616 liuius·

213 1661 244 1716 ιθ
253 1650 341 1716 modi
362 1648 601 1715 calamitatibus
625 1649 797 1716 clementer
817 1659 951 1736 propter
973 1651 1174 1735 unigenitum
1188 1648 1299 1731 filium,
1322 1659 1524 1716 servatorem
1538 1659 1673 1715 nostrum

250 1770 392 1837 umcum,
414 1749 497 1814 tueri
519 1771 558 1813 ac
578 1770 772 1815 conservare
794 1746 880 1814 velit.
911 1746 1040 1812 Deinde
1062 1747 1262 1814 obtestamur
1284 1771 1341 1814 vos
1363 1771 1491 1839 quoque
1512 1751 1673 1815 universos

252 1862 284 1915 et
307 1848 461 1935 singulos,
484 1858 519 1912 ut
541 1857 574 1913 et
592 1849 659 1935 ipsi
686 1847 872 1930 occasiones
901 1869 1011 1912 omnes
1040 1849 1245 1931 removeatis,
1273 1846 1390 1935 quibus
1411 1847 1484 1914 fieri
1506 1858 1627 1937 posset,
1644 1858 1674 1913 ut

250 1951 326 2035 igne
347 1947 501 2012 damnum
525 1941 734 2034 da[3t]retur.
767 1945 811 2010 Et
832 1947 942 2033 pueris
964 1968 1003 2011 ao
1023 1944 1155 2011 famulis
1177 1968 1303 2033 quoque
1323 1949 1442 2032 vestris
1461 1947 1550 2014 hanc
1572 1963 1672 2013 ouran

251 2046 365 2112 crebro
385 2045 562 2128 inculcetis,
590 2056 626 2111 ut
646 2044 769 2111 lumina
790 2056 883 2110 caute
904 2054 1059 2128 tractent,
1080 2044 1171 2131 ligna
1192 2044 1236 2110 ad
1265 2046 1414 2112 fornaces
1434 2069 1501 2112 non
1522 2059 1673 2134 reponant

210 2158 284 2213 15et
312 2143 593 2229 hebdomadatim,
625 2145 818 2233 praesertim
850 2164 925 2209 cum
955 2143 1059 2231 frigus
1089 2155 1138 2210 est
1167 2146 1340 2227 intensius,
1372 2145 1545 2211 inferiores
1573 2155 1673 2233 partes

250 2245 463 2312 fumariorum
496 2244 604 2331 scopis
634 2243 807 2329 diligenter
839 2253 987 2330 purgent.
1030 2242 1075 2308 Et
1106 2255 1278 2331 praeterea
1308 2266 1435 2333 qnoque
1471 2267 1593 2332 aquam
1623 2267 1673 2332 per

251 2345 321 2410 dies
349 2365 388 2408 ao
416 2351 527 2408 noctes
554 2344 588 2407 in
619 2342 745 2430 hydriis
780 2341 917 2430 aliisque
943 2344 1033 2408 vasis
1061 2342 1106 2408 ad
1139 2343 1263 2430 primos
1293 2344 1433 2431 impetus
1461 2345 1548 2410 forte
1581 2342 1672 2432 (quod

250 2455 359 2510 tamen
389 2440 469 2507 deus
498 2439 730 2528 benignissime
760 2451 889 2515 avertat
897 2442 920 2521 l)
950 2443 1147 2528 ignescentia
1178 2441 1330 2507 flammae
1361 2442 1617 2530 exstinguendos
1643 2443 1672 2507 in

250 2544 371 2609 muscis
403 2541 521 2624 vestris
552 2537 617 2628 [35]
647 2543 682 2606 in
713 2550 842 2627 promtu
873 2539 1030 2623 habeatis,
1061 2541 1173 2627 sicque
1203 2561 1297 2605 omne
1327 2540 1471 2607 incendii
1501 2541 1672 2630 periculum

209 2640 387 2709 boconsilio
415 2649 448 2704 et
474 2637 644 2725 diligentia
670 2653 780 2706 vestra
806 2641 1047 2726 praecaveatis,
1077 2640 1172 2705 sicuti
1202 2661 1263 2703 sua
1291 2639 1407 2726 cuique
1434 2641 1505 2706 vita
1535 2650 1568 2706 et
1595 2638 1672 2706 salus

250 2741 459 2827 omniumque
479 2761 589 2804 rerum
610 2739 773 2826 possessio
794 2747 826 2802 ot
847 2748 915 2804 tota
942 2737 1131 2825 respublica
1153 2737 1243 2802 cordi
1270 2747 1329 2804 est
1371 2738 1411 2804 In
1431 2737 1484 2805 his
1504 2740 1604 2806 rebus
1623 2739 1673 2826 qni

249 2838 417 2925 negligens
444 2847 594 2924 repertus
621 2838 733 2919 fuerit,
762 2858 901 2924 poenam
928 2836 1064 2924 collegio
1090 2836 1314 2918 arbitrariam,
1343 2859 1427 2925 quae
1453 2861 1583 2905 summa
1609 2859 1671 2904 esse

249 2938 379 3026 poterit,
405 2936 529 3023 absque
548 2937 738 3003 remissione
766 2936 940 3023 persolvat.
980 2936 1025 3001 Et
1053 2937 1130 3024 quia
1157 2936 1364 3002 arbustorum
1394 2959 1434 3003 ac
1464 2936 1671 3025 virgultorum

252 3059 330 3102 usus
351 3037 386 3100 in
406 3037 654 3123 vaporariornm
682 3035 812 3122 ignibus
838 3034 1037 3100 instruendis
1064 3036 1099 3099 in
1126 3034 1199 3101 aliis
1221 3035 1364 3123 collegiis
1386 3047 1525 3125 propter
1546 3034 1670 3104 vitanda

207 3136 395 3202 25maxima
423 3130 650 3221 peri[36]cula
678 3144 728 3201 est
755 3134 962 3217 interdictus,
993 3133 1081 3200 idern
1108 3136 1143 3199 in
1170 3133 1232 3200 hoc
1260 3134 1396 3222 collegio
1426 3137 1527 3203 etiam
1556 3136 1669 3203 servari

249 3235 427 3301 necessitas
456 3232 553 3321 plane
582 3232 704 3299 suadet
746 3233 900 3300 Iubemus
928 3243 1064 3320 ergoet
1091 3231 1325 3317 interdicimus,
1353 3237 1490 3323 nequis
1513 3259 1557 3301 ex
1575 3235 1666 3323 inqui-

249 3332 325 3398 linis
345 3331 441 3399 huius
463 3333 702 3398 communitatis
728 3333 763 3398 in
790 3331 977 3397 fornacibus
1005 3341 1037 3396 et
1057 3332 1305 3418 vaporariorum
1327 3334 1459 3420 ignibus
1480 3333 1665 3402 instruendis

249 3440 358 3498 utatur
379 3430 542 3496 fasciculis
565 3442 596 3496 et
616 3430 778 3518 lignorum
798 3432 954 3496 ramentis
976 3441 1032 3495 aut
1059 3429 1158 3495 simili
1183 3433 1329 3497 materia
1370 3431 1535 3522 Repertus
1561 3444 1663 3513 autam,

248 3533 303 3619 qui
323 3529 443 3597 talibus
464 3530 571 3595 focum
591 3531 790 3613 instruxerit,
820 3529 948 3616 collegii
967 3529 1053 3604 ,fisco
1082 3528 1257 3618 persolvito
1286 3553 1419 3598 aureum
1445 3556 1547 3599 unum
1574 3534 1661 3612 toties,

205 3632 375 3718 soquoties
397 3627 577 3716 deliquerit.

645 3776 691 3865 [S.
714 3776 766 3866 37]
788 3798 835 3846 ns
858 3796 1071 3846 cnsunssno
1093 3796 1280 3846 connnoro.

845 3914 1016 3966 statutum
1036 3917 1068 3965 X.

329 4026 431 4093 Fores
454 4025 582 4114 collegii
603 4026 793 4094 claudentur
814 4028 894 4093 hora
913 4026 1069 4094 hactenus
1090 4038 1258 4095 consueta:
1288 4030 1412 4094 aestivo
1438 4029 1570 4118 quidem
1593 4039 1669 4095 ten-¹

247 4148 327 4215 pore
349 4125 486 4192 dimidia
510 4126 646 4210 decima,
668 4126 794 4214 hyemis
816 4147 893 4191 vero
916 4125 1046 4192 circiter
1066 4126 1181 4193 horam
1200 4149 1329 4193 nonam.
1363 4127 1446 4194 Post
1464 4129 1528 4195 hoo
1547 4139 1654 4217 tempus

203 4228 303 4315 ³5qui
325 4224 476 4292 exclusus
503 4225 661 4315 pulsando
684 4221 894 4291 clamandove
915 4222 959 4290 ad
980 4224 1067 4291 fores
1089 4237 1145 4291 aut
1165 4227 1200 4291 in
1219 4225 1329 4313 platea
1348 4229 1554 4315 importunus
1576 4226 1654 4294 fuerit

246 4335 278 4391 et
299 4346 494 4413 quemquam
514 4324 712 4411 fatigaverit,
740 4336 869 4411 postero
895 4323 948 4390 die
979 4327 1048 4391 sine
1075 4325 1277 4391 recusatione
1298 4326 1452 4392 mulctam
1477 4324 1546 4417 [38]
1567 4325 1653 4394 solvat

244 4422 424 4512 imperialis
456 4445 566 4506 umus,
597 4425 660 4488 nisi
690 4446 733 4488 ex
764 4425 922 4489 sententia
951 4423 1081 4511 collegii
1111 4424 1266 4489 maiorem
1295 4416 1458 4491 meruerit
1501 4426 1566 4511 Qui
1592 4440 1651 4491 voto

242 4521 399 4596 famulum
427 4522 586 4587 curatoris
612 4520 665 4586 vel
692 4523 726 4587 vi
753 4524 897 4608 coegerit
922 4523 975 4589 vel
1002 4525 1141 4611 pecunia
1170 4525 1366 4610 corruperit,
1395 4536 1452 4590 aut
1484 4540 1651 4638 quocunqne

244 4621 341 4688 modo
370 4644 408 4687 eo
436 4619 642 4708 perduxerit,
669 4630 704 4686 ut
732 4643 790 4686 suo
818 4621 954 4688 arbitrio
981 4623 1068 4688 fores
1097 4621 1263 4689 clauderet
1289 4631 1346 4689 ant
1373 4623 1548 4711 panderet,
1574 4624 1650 4713 quio

204 4722 318 4808 toipse
348 4721 382 4784 in
414 4740 473 4784 sua
503 4727 663 4806 potestate
692 4717 816 4785 clavem
844 4721 963 4787 forium
990 4721 1196 4808 publicarum
1225 4721 1516 4812 quomodocunque
1535 4730 1648 4841 partam

245 4819 406 4902 habuerit,
429 4821 527 4907 quive
548 4840 739 4906 quacunque
762 4818 973 4886 clanculum
964 4823 1133 4907 rrrepserit
1154 4831 1210 4885 aut
1231 4843 1265 4886 se
1286 4821 1543 4913 insinuaverit,
1532 4820 1645 4888 noim

245 4918 507 4984 ioachimicorum
529 4916 682 4984 mulctam
705 4916 821 5002 solvat,
842 4911 972 5006 ni[39]si
995 4922 1112 5006 potius,
1134 4930 1171 4984 ut
1189 4943 1206 4984 e
1226 4919 1371 5007 collegio
1381 4923 1567 5011 emigret,
1558 4916 1644 4985 tuto·

244 5015 306 5083 dus
326 5038 397 5081 esse
417 5015 576 5081 videatur.
