<?xml version="1.0" encoding="UTF-8"?>
<!DOCTYPE html PUBLIC "-//W3C//DTD XHTML 1.0 Transitional//EN"
    "http://www.w3.org/TR/xhtml1/DTD/xhtml1-transitional.dtd">
<html xmlns="http://www.w3.org/1999/xhtml" xml:lang="en" lang="en">
 <head>
  <title>
</title>
<meta http-equiv="Content-Type" content="text/html;charset=utf-8" />
  <meta name='ocr-system' content='tesseract 3.04.00' />
  <meta name='ocr-capabilities' content='ocr_page ocr_carea ocr_par ocr_line ocrx_word'/>
</head>
<body>
  <div class='ocr_page' id='page_1' title='image "./diestatutenbche00univgoog_0361.png"; bbox 0 0 3756 6158; ppageno 0'>
   <div class='ocr_carea' id='block_1_1' title="bbox 786 464 1217 526">
    <p class='ocr_par' dir='ltr' id='par_1_1' title="bbox 786 464 1217 526">
     <span class='ocr_line' id='line_1_1' title="bbox 786 464 1217 526; baseline 0.005 -14"><span class='ocrx_word' id='word_1_1' title='bbox 786 464 837 512; x_wconf 83' lang='lat' dir='ltr'><strong>Die</strong></span> <span class='ocrx_word' id='word_1_2' title='bbox 855 464 1073 526; x_wconf 86' lang='lat' dir='ltr'><strong>philosophische</strong></span> <span class='ocrx_word' id='word_1_3' title='bbox 1089 465 1217 516; x_wconf 71' lang='lat' dir='ltr'><strong>Faculttt.</strong></span> 
     </span>
    </p>
   </div>
   <div class='ocr_carea' id='block_1_2' title="bbox 785 682 1217 746">
    <p class='ocr_par' dir='ltr' id='par_1_2' title="bbox 785 682 1217 746">
     <span class='ocr_line' id='line_1_2' title="bbox 785 682 1217 746; baseline 0.002 -1"><span class='ocrx_word' id='word_1_4' title='bbox 785 682 835 745; x_wconf 87' lang='grc'><strong>83.</strong></span> <span class='ocrx_word' id='word_1_5' title='bbox 858 695 905 743; x_wconf 86' lang='lat' dir='ltr'><strong>na</strong></span> <span class='ocrx_word' id='word_1_6' title='bbox 926 683 1217 746; x_wconf 82' lang='lat' dir='ltr'><strong>axuouroamus.¹</strong></span> 
     </span>
    </p>
   </div>
   <div class='ocr_carea' id='block_1_3' title="bbox 257 809 1711 1177">
    <p class='ocr_par' dir='ltr' id='par_1_3' title="bbox 298 809 1711 1078">
     <span class='ocr_line' id='line_1_3' title="bbox 381 809 1711 901; baseline -0.002 -25"><span class='ocrx_word' id='word_1_7' title='bbox 381 814 461 877; x_wconf 90' lang='lat' dir='ltr'><strong>Item</strong></span> <span class='ocrx_word' id='word_1_8' title='bbox 488 810 584 898; x_wconf 91' lang='lat' dir='ltr'><strong>quod,</strong></span> <span class='ocrx_word' id='word_1_9' title='bbox 611 812 698 875; x_wconf 87' lang='lat' dir='ltr'><strong>facta</strong></span> <span class='ocrx_word' id='word_1_10' title='bbox 720 811 880 877; x_wconf 79' lang='lat' dir='ltr'>eleccione</span> <span class='ocrx_word' id='word_1_11' title='bbox 906 810 1030 895; x_wconf 88' lang='lat' dir='ltr'><strong>decani,</strong></span> <span class='ocrx_word' id='word_1_12' title='bbox 1053 813 1246 901; x_wconf 90' lang='lat' dir='ltr'><strong>deputentur</strong></span> <span class='ocrx_word' id='word_1_13' title='bbox 1273 811 1337 878; x_wconf 90' lang='lat' dir='ltr'><strong>duo</strong></span> <span class='ocrx_word' id='word_1_14' title='bbox 1359 813 1503 878; x_wconf 78' lang='lat' dir='ltr'>seniores</span> <span class='ocrx_word' id='word_1_15' title='bbox 1527 811 1568 876; x_wconf 88' lang='lat' dir='ltr'><strong>de</strong></span> <span class='ocrx_word' id='word_1_16' title='bbox 1588 809 1711 876; x_wconf 85' lang='lat' dir='ltr'><strong>consilio</strong></span> 
     </span>
     <span class='ocr_line' id='line_1_4' title="bbox 299 905 1711 998; baseline -0.003 -20"><span class='ocrx_word' id='word_1_17' title='bbox 299 912 472 994; x_wconf 71' lang='lat' dir='ltr'><strong>facultatis,</strong></span> <span class='ocrx_word' id='word_1_18' title='bbox 499 912 554 995; x_wconf 93' lang='lat' dir='ltr'><strong>qui</strong></span> <span class='ocrx_word' id='word_1_19' title='bbox 574 933 639 974; x_wconf 88' lang='lat' dir='ltr'><strong>una</strong></span> <span class='ocrx_word' id='word_1_20' title='bbox 660 933 732 974; x_wconf 90' lang='lat' dir='ltr'><strong>cum</strong></span> <span class='ocrx_word' id='word_1_21' title='bbox 752 910 874 976; x_wconf 86' lang='lat' dir='ltr'><strong>decano</strong></span> <span class='ocrx_word' id='word_1_22' title='bbox 897 911 1068 977; x_wconf 79' lang='lat' dir='ltr'>sollicitam</span> <span class='ocrx_word' id='word_1_23' title='bbox 1094 905 1270 978; x_wconf 83' lang='lat' dir='ltr'><strong>adhibeant</strong></span> <span class='ocrx_word' id='word_1_24' title='bbox 1297 911 1528 998; x_wconf 86' lang='lat' dir='ltr'><strong>diligenciam,</strong></span> <span class='ocrx_word' id='word_1_25' title='bbox 1543 920 1580 976; x_wconf 89' lang='lat' dir='ltr'><strong>ut</strong></span> <span class='ocrx_word' id='word_1_26' title='bbox 1607 910 1711 974; x_wconf 87' lang='lat' dir='ltr'><strong>leocio</strong></span> 
     </span>
     <span class='ocr_line' id='line_1_5' title="bbox 298 1008 1711 1078; baseline -0.001 -2"><span class='ocrx_word' id='word_1_27' title='bbox 298 1035 355 1077; x_wconf 88' lang='lat' dir='ltr'><strong>nes</strong></span> <span class='ocrx_word' id='word_1_28' title='bbox 377 1021 410 1076; x_wconf 90' lang='lat' dir='ltr'><strong>et</strong></span> <span class='ocrx_word' id='word_1_29' title='bbox 431 1011 593 1076; x_wconf 86' lang='lat' dir='ltr'><strong>exercicia</strong></span> <span class='ocrx_word' id='word_1_30' title='bbox 622 1008 729 1075; x_wconf 89' lang='lat' dir='ltr'><strong>debite</strong></span> <span class='ocrx_word' id='word_1_31' title='bbox 750 1011 829 1075; x_wconf 90' lang='lat' dir='ltr'><strong>fiant</strong></span> <span class='ocrx_word' id='word_1_32' title='bbox 850 1033 910 1076; x_wconf 89' lang='lat' dir='ltr'><strong>neo</strong></span> <span class='ocrx_word' id='word_1_33' title='bbox 935 1035 1000 1076; x_wconf 93' lang='lat' dir='ltr'><strong>non</strong></span> <span class='ocrx_word' id='word_1_34' title='bbox 1028 1011 1093 1078; x_wconf 87' lang='lat' dir='ltr'><strong>alia</strong></span> <span class='ocrx_word' id='word_1_35' title='bbox 1121 1021 1242 1077; x_wconf 87' lang='lat' dir='ltr'><strong>statuta</strong></span> <span class='ocrx_word' id='word_1_36' title='bbox 1268 1011 1430 1077; x_wconf 72' lang='lat' dir='ltr'><strong>facultatis</strong></span> <span class='ocrx_word' id='word_1_37' title='bbox 1454 1019 1626 1076; x_wconf 88' lang='lat' dir='ltr'><strong>serventur</strong></span> <span class='ocrx_word' id='word_1_38' title='bbox 1647 1031 1711 1075; x_wconf 89' lang='lat' dir='ltr'><strong>oum</strong></span> 
     </span>
    </p>

    <p class='ocr_par' dir='ltr' id='par_1_4' title="bbox 257 1113 1194 1177">
     <span class='ocr_line' id='line_1_6' title="bbox 257 1113 1194 1177; baseline -0.015 0"><span class='ocrx_word' id='word_1_39' title='bbox 257 1124 273 1177; x_wconf 82' lang='lat'><strong>5</strong></span> <span class='ocrx_word' id='word_1_40' title='bbox 299 1113 420 1177; x_wconf 84' lang='lat' dir='ltr'><strong>effectu</strong></span> <span class='ocrx_word' id='word_1_41' title='bbox 1192 1113 1194 1116; x_wconf 77' lang='grc'>’</span> 
     </span>
    </p>
   </div>
   <div class='ocr_carea' id='block_1_4' title="bbox 360 1269 1660 1344">
    <p class='ocr_par' dir='ltr' id='par_1_5' title="bbox 360 1269 1660 1344">
     <span class='ocr_line' id='line_1_7' title="bbox 360 1269 1660 1344; baseline -0.005 -15"><span class='ocrx_word' id='word_1_42' title='bbox 360 1269 408 1330; x_wconf 87' lang='grc'><strong>84.</strong></span> <span class='ocrx_word' id='word_1_43' title='bbox 437 1279 483 1325; x_wconf 83' lang='lat' dir='ltr'><strong>nn</strong></span> <span class='ocrx_word' id='word_1_44' title='bbox 505 1276 670 1325; x_wconf 82' lang='lat' dir='ltr'><strong>srnrur1s</strong></span> <span class='ocrx_word' id='word_1_45' title='bbox 691 1275 904 1324; x_wconf 80' lang='lat' dir='ltr'><strong>racuurarrs</strong></span> <span class='ocrx_word' id='word_1_46' title='bbox 926 1278 993 1325; x_wconf 76' lang='lat' dir='ltr'><strong>aaa</strong></span> <span class='ocrx_word' id='word_1_47' title='bbox 1013 1277 1180 1344; x_wconf 77' lang='lat' dir='ltr'><strong>nucarum</strong></span> <span class='ocrx_word' id='word_1_48' title='bbox 1198 1277 1427 1326; x_wconf 80' lang='lat' dir='ltr'><strong>ruaurcaums</strong></span> <span class='ocrx_word' id='word_1_49' title='bbox 1449 1276 1514 1325; x_wconf 83' lang='lat' dir='ltr'><strong>sua</strong></span> <span class='ocrx_word' id='word_1_50' title='bbox 1535 1275 1660 1324; x_wconf 79' lang='lat' dir='ltr'><strong>roura</strong></span> 
     </span>
    </p>
   </div>
   <div class='ocr_carea' id='block_1_5' title="bbox 262 1387 1713 2271">
    <p class='ocr_par' dir='ltr' id='par_1_6' title="bbox 302 1387 1713 1685">
     <span class='ocr_line' id='line_1_8' title="bbox 383 1387 1713 1480; baseline -0.005 -20"><span class='ocrx_word' id='word_1_51' title='bbox 383 1395 474 1477; x_wconf 89' lang='lat' dir='ltr'><strong>Item,</strong></span> <span class='ocrx_word' id='word_1_52' title='bbox 498 1393 573 1480; x_wconf 91' lang='lat' dir='ltr'><strong>quia</strong></span> <span class='ocrx_word' id='word_1_53' title='bbox 595 1414 712 1478; x_wconf 88' lang='lat' dir='ltr'><strong>parurn</strong></span> <span class='ocrx_word' id='word_1_54' title='bbox 737 1403 787 1457; x_wconf 90' lang='lat' dir='ltr'><strong>est</strong></span> <span class='ocrx_word' id='word_1_55' title='bbox 808 1403 928 1457; x_wconf 86' lang='lat' dir='ltr'><strong>statuta</strong></span> <span class='ocrx_word' id='word_1_56' title='bbox 948 1392 1000 1458; x_wconf 90' lang='lat' dir='ltr'><strong>vel</strong></span> <span class='ocrx_word' id='word_1_57' title='bbox 1019 1394 1091 1458; x_wconf 92' lang='lat' dir='ltr'><strong>iura</strong></span> <span class='ocrx_word' id='word_1_58' title='bbox 1111 1393 1258 1475; x_wconf 85' lang='lat' dir='ltr'><strong>condere,</strong></span> <span class='ocrx_word' id='word_1_59' title='bbox 1285 1394 1349 1457; x_wconf 87' lang='lat' dir='ltr'><strong>nisi</strong></span> <span class='ocrx_word' id='word_1_60' title='bbox 1370 1391 1558 1457; x_wconf 76' lang='lat' dir='ltr'><strong>executioni</strong></span> <span class='ocrx_word' id='word_1_61' title='bbox 1580 1387 1713 1454; x_wconf 86' lang='lat' dir='ltr'><strong>debitae²</strong></span> 
     </span>
     <span class='ocr_line' id='line_1_9' title="bbox 302 1488 1710 1580; baseline -0.005 -21"><span class='ocrx_word' id='word_1_62' title='bbox 302 1493 552 1574; x_wconf 87' lang='lat' dir='ltr'><strong>demandentur,</strong></span> <span class='ocrx_word' id='word_1_63' title='bbox 581 1491 720 1574; x_wconf 86' lang='lat' dir='ltr'><strong>idcirco,</strong></span> <span class='ocrx_word' id='word_1_64' title='bbox 754 1513 795 1556; x_wconf 92' lang='lat' dir='ltr'><strong>ne</strong></span> <span class='ocrx_word' id='word_1_65' title='bbox 825 1492 896 1578; x_wconf 89' lang='lat' dir='ltr'><strong>quis</strong></span> <span class='ocrx_word' id='word_1_66' title='bbox 924 1493 959 1556; x_wconf 90' lang='lat' dir='ltr'><strong>in</strong></span> <span class='ocrx_word' id='word_1_67' title='bbox 987 1502 1082 1557; x_wconf 90' lang='lat' dir='ltr'><strong>antea</strong></span> <span class='ocrx_word' id='word_1_68' title='bbox 1109 1515 1169 1580; x_wconf 90' lang='lat' dir='ltr'><strong>per</strong></span> <span class='ocrx_word' id='word_1_69' title='bbox 1196 1494 1418 1579; x_wconf 85' lang='lat' dir='ltr'><strong>ignoranciam</strong></span> <span class='ocrx_word' id='word_1_70' title='bbox 1446 1499 1640 1556; x_wconf 70' lang='lat' dir='ltr'><strong>statuorum</strong></span> <span class='ocrx_word' id='word_1_71' title='bbox 1664 1488 1710 1552; x_wconf 88' lang='lat' dir='ltr'><strong>ali·</strong></span> 
     </span>
     <span class='ocr_line' id='line_1_10' title="bbox 306 1588 1710 1685; baseline -0.005 -25"><span class='ocrx_word' id='word_1_72' title='bbox 306 1597 368 1683; x_wconf 86' lang='lat' dir='ltr'><strong>q&#39;uo</strong></span> <span class='ocrx_word' id='word_1_73' title='bbox 389 1592 485 1658; x_wconf 93' lang='lat' dir='ltr'><strong>modo</strong></span> <span class='ocrx_word' id='word_1_74' title='bbox 513 1613 547 1656; x_wconf 92' lang='lat' dir='ltr'><strong>se</strong></span> <span class='ocrx_word' id='word_1_75' title='bbox 572 1588 680 1655; x_wconf 89' lang='lat' dir='ltr'><strong>valeat</strong></span> <span class='ocrx_word' id='word_1_76' title='bbox 708 1611 874 1685; x_wconf 79' lang='lat' dir='ltr'><strong>excusare,</strong></span> <span class='ocrx_word' id='word_1_77' title='bbox 903 1589 1043 1656; x_wconf 81' lang='lat' dir='ltr'><strong>decanus</strong></span> <span class='ocrx_word' id='word_1_78' title='bbox 1070 1614 1130 1679; x_wconf 91' lang='lat' dir='ltr'><strong>pro</strong></span> <span class='ocrx_word' id='word_1_79' title='bbox 1155 1601 1301 1680; x_wconf 89' lang='lat' dir='ltr'><strong>tempore</strong></span> <span class='ocrx_word' id='word_1_80' title='bbox 1321 1593 1464 1657; x_wconf 81' lang='lat' dir='ltr'><strong>existens</strong></span> <span class='ocrx_word' id='word_1_81' title='bbox 1492 1589 1544 1655; x_wconf 88' lang='lat' dir='ltr'><strong>bis</strong></span> <span class='ocrx_word' id='word_1_82' title='bbox 1573 1591 1610 1655; x_wconf 90' lang='lat' dir='ltr'><strong>in</strong></span> <span class='ocrx_word' id='word_1_83' title='bbox 1630 1589 1710 1653; x_wconf 85' lang='lat' dir='ltr'><strong>deca·</strong></span> 
     </span>
    </p>

    <p class='ocr_par' dir='ltr' id='par_1_7' title="bbox 265 1680 1710 2174">
     <span class='ocr_line' id='line_1_11' title="bbox 265 1680 1710 1778; baseline -0.006 -17"><span class='ocrx_word' id='word_1_84' title='bbox 265 1707 296 1761; x_wconf 88' lang='lat'><strong>10</strong></span> <span class='ocrx_word' id='word_1_85' title='bbox 306 1704 384 1760; x_wconf 89' lang='lat' dir='ltr'><strong>natu</strong></span> <span class='ocrx_word' id='word_1_86' title='bbox 407 1715 464 1757; x_wconf 91' lang='lat' dir='ltr'><strong>suo</strong></span> <span class='ocrx_word' id='word_1_87' title='bbox 494 1699 614 1756; x_wconf 89' lang='lat' dir='ltr'><strong>statuta</strong></span> <span class='ocrx_word' id='word_1_88' title='bbox 640 1688 804 1754; x_wconf 81' lang='lat' dir='ltr'><strong>facultatis</strong></span> <span class='ocrx_word' id='word_1_89' title='bbox 831 1691 963 1774; x_wconf 89' lang='lat' dir='ltr'><strong>arcium,</strong></span> <span class='ocrx_word' id='word_1_90' title='bbox 991 1691 1134 1756; x_wconf 89' lang='lat' dir='ltr'><strong>eiusdem</strong></span> <span class='ocrx_word' id='word_1_91' title='bbox 1154 1692 1316 1758; x_wconf 83' lang='lat' dir='ltr'><strong>facultatis</strong></span> <span class='ocrx_word' id='word_1_92' title='bbox 1338 1680 1511 1778; x_wconf 31' lang='lat' dir='ltr'><strong>supposita*</strong></span> <span class='ocrx_word' id='word_1_93' title='bbox 1529 1711 1710 1755; x_wconf 86' lang='lat' dir='ltr'><strong>concernen-</strong></span> 
     </span>
     <span class='ocr_line' id='line_1_12' title="bbox 301 1782 1709 1877; baseline -0.005 -19"><span class='ocrx_word' id='word_1_94' title='bbox 301 1796 368 1875; x_wconf 91' lang='lat' dir='ltr'><strong>cia,</strong></span> <span class='ocrx_word' id='word_1_95' title='bbox 405 1791 464 1856; x_wconf 91' lang='lat' dir='ltr'><strong>sub</strong></span> <span class='ocrx_word' id='word_1_96' title='bbox 493 1811 598 1877; x_wconf 91' lang='lat' dir='ltr'><strong>poena</strong></span> <span class='ocrx_word' id='word_1_97' title='bbox 624 1782 722 1853; x_wconf 89' lang='lat' dir='ltr'><strong>trium</strong></span> <span class='ocrx_word' id='word_1_98' title='bbox 750 1789 959 1872; x_wconf 88' lang='lat' dir='ltr'><strong>florenorum,</strong></span> <span class='ocrx_word' id='word_1_99' title='bbox 986 1789 1132 1857; x_wconf 86' lang='lat' dir='ltr'><strong>facultati</strong></span> <span class='ocrx_word' id='word_1_100' title='bbox 1159 1792 1281 1856; x_wconf 89' lang='lat' dir='ltr'><strong>arcium</strong></span> <span class='ocrx_word' id='word_1_101' title='bbox 1307 1785 1575 1856; x_wconf 84' lang='lat' dir='ltr'><strong>irremissibiliter</strong></span> <span class='ocrx_word' id='word_1_102' title='bbox 1601 1787 1709 1876; x_wconf 88' lang='lat' dir='ltr'><strong>persol-</strong></span> 
     </span>
     <span class='ocr_line' id='line_1_13' title="bbox 300 1876 1708 1974; baseline -0.004 -17"><span class='ocrx_word' id='word_1_103' title='bbox 300 1891 491 1971; x_wconf 87' lang='lat' dir='ltr'><strong>vendorum,</strong></span> <span class='ocrx_word' id='word_1_104' title='bbox 528 1898 654 1953; x_wconf 90' lang='lat' dir='ltr'><strong>tenetur</strong></span> <span class='ocrx_word' id='word_1_105' title='bbox 685 1887 854 1974; x_wconf 87' lang='lat' dir='ltr'><strong>publicare</strong></span> <span class='ocrx_word' id='word_1_106' title='bbox 885 1898 917 1954; x_wconf 90' lang='lat' dir='ltr'><strong>et</strong></span> <span class='ocrx_word' id='word_1_107' title='bbox 949 1888 1158 1956; x_wconf 86' lang='lat' dir='ltr'><strong>excedentem</strong></span> <span class='ocrx_word' id='word_1_108' title='bbox 1188 1889 1241 1955; x_wconf 87' lang='lat' dir='ltr'><strong>vel</strong></span> <span class='ocrx_word' id='word_1_109' title='bbox 1273 1876 1466 1954; x_wconf 82' lang='lat' dir='ltr'><strong>excedentes</strong></span> <span class='ocrx_word' id='word_1_110' title='bbox 1498 1897 1614 1954; x_wconf 86' lang='lat' dir='ltr'><strong>eontra</strong></span> <span class='ocrx_word' id='word_1_111' title='bbox 1646 1887 1708 1974; x_wconf 86' lang='lat' dir='ltr'><strong>ipsa</strong></span> 
     </span>
     <span class='ocr_line' id='line_1_14' title="bbox 301 1984 1706 2075; baseline -0.004 -19"><span class='ocrx_word' id='word_1_112' title='bbox 301 1999 437 2071; x_wconf 85' lang='lat' dir='ltr'><strong>statuta,</strong></span> <span class='ocrx_word' id='word_1_113' title='bbox 468 1988 508 2053; x_wconf 89' lang='lat' dir='ltr'><strong>de</strong></span> <span class='ocrx_word' id='word_1_114' title='bbox 540 2009 604 2075; x_wconf 94' lang='lat' dir='ltr'><strong>quo</strong></span> <span class='ocrx_word' id='word_1_115' title='bbox 631 1986 684 2052; x_wconf 89' lang='lat' dir='ltr'><strong>vel</strong></span> <span class='ocrx_word' id='word_1_116' title='bbox 715 1986 756 2050; x_wconf 91' lang='lat' dir='ltr'><strong>de</strong></span> <span class='ocrx_word' id='word_1_117' title='bbox 786 1986 903 2074; x_wconf 89' lang='lat' dir='ltr'><strong>quibus</strong></span> <span class='ocrx_word' id='word_1_118' title='bbox 931 1987 994 2054; x_wconf 87' lang='lat' dir='ltr'><strong>sibi</strong></span> <span class='ocrx_word' id='word_1_119' title='bbox 1025 1998 1165 2072; x_wconf 88' lang='lat' dir='ltr'><strong>constat,</strong></span> <span class='ocrx_word' id='word_1_120' title='bbox 1197 1989 1257 2054; x_wconf 88' lang='lat' dir='ltr'><strong>aub</strong></span> <span class='ocrx_word' id='word_1_121' title='bbox 1288 1990 1469 2058; x_wconf 85' lang='lat' dir='ltr'><strong>iuramento</strong></span> <span class='ocrx_word' id='word_1_122' title='bbox 1504 2009 1562 2053; x_wconf 90' lang='lat' dir='ltr'><strong>suo</strong></span> <span class='ocrx_word' id='word_1_123' title='bbox 1589 1984 1706 2051; x_wconf 83' lang='lat' dir='ltr'><strong>realiter</strong></span> 
     </span>
     <span class='ocr_line' id='line_1_15' title="bbox 301 2083 1705 2174; baseline -0.004 -19"><span class='ocrx_word' id='word_1_124' title='bbox 301 2089 476 2171; x_wconf 87' lang='lat' dir='ltr'><strong>secundum</strong></span> <span class='ocrx_word' id='word_1_125' title='bbox 503 2098 647 2152; x_wconf 90' lang='lat' dir='ltr'><strong>tenorem</strong></span> <span class='ocrx_word' id='word_1_126' title='bbox 678 2094 868 2152; x_wconf 91' lang='lat' dir='ltr'><strong>statutorum</strong></span> <span class='ocrx_word' id='word_1_127' title='bbox 894 2089 1024 2174; x_wconf 85' lang='lat' dir='ltr'><strong>punire,</strong></span> <span class='ocrx_word' id='word_1_128' title='bbox 1052 2088 1087 2152; x_wconf 92' lang='lat' dir='ltr'><strong>in</strong></span> <span class='ocrx_word' id='word_1_129' title='bbox 1115 2109 1177 2174; x_wconf 89' lang='lat' dir='ltr'><strong>quo</strong></span> <span class='ocrx_word' id='word_1_130' title='bbox 1208 2089 1311 2153; x_wconf 88' lang='lat' dir='ltr'><strong>eciam</strong></span> <span class='ocrx_word' id='word_1_131' title='bbox 1338 2086 1477 2153; x_wconf 87' lang='lat' dir='ltr'><strong>facultas</strong></span> <span class='ocrx_word' id='word_1_132' title='bbox 1507 2086 1632 2153; x_wconf 83' lang='lat' dir='ltr'><strong>areium</strong></span> <span class='ocrx_word' id='word_1_133' title='bbox 1655 2083 1705 2149; x_wconf 84' lang='lat' dir='ltr'><strong>sibi</strong></span> 
     </span>
    </p>

    <p class='ocr_par' dir='ltr' id='par_1_8' title="bbox 262 2185 957 2271">
     <span class='ocr_line' id='line_1_16' title="bbox 262 2185 957 2271; baseline -0.012 -15"><span class='ocrx_word' id='word_1_134' title='bbox 262 2198 292 2256; x_wconf 85' lang='grc'><strong>15</strong></span> <span class='ocrx_word' id='word_1_135' title='bbox 302 2189 454 2271; x_wconf 84' lang='lat' dir='ltr'><strong>assistere</strong></span> <span class='ocrx_word' id='word_1_136' title='bbox 473 2195 598 2252; x_wconf 87' lang='lat' dir='ltr'><strong>tenetur</strong></span> <span class='ocrx_word' id='word_1_137' title='bbox 620 2207 693 2250; x_wconf 89' lang='lat' dir='ltr'><strong>cum</strong></span> <span class='ocrx_word' id='word_1_138' title='bbox 714 2185 836 2250; x_wconf 83' lang='lat' dir='ltr'><strong>effectu</strong></span> <span class='ocrx_word' id='word_1_139' title='bbox 952 2257 957 2265; x_wconf 40' lang='grc'>,</span> 
     </span>
    </p>
   </div>
   <div class='ocr_carea' id='block_1_6' title="bbox 303 2521 1696 2697">
    <p class='ocr_par' dir='ltr' id='par_1_9' title="bbox 303 2521 1696 2697">
     <span class='ocr_line' id='line_1_17' title="bbox 383 2521 1696 2614; baseline -0.005 -29"><span class='ocrx_word' id='word_1_140' title='bbox 383 2526 424 2585; x_wconf 77' lang='lat' dir='ltr'><strong>So</strong></span> <span class='ocrx_word' id='word_1_141' title='bbox 443 2524 510 2614; x_wconf 80' lang='lat' dir='ltr'><strong>weit</strong></span> <span class='ocrx_word' id='word_1_142' title='bbox 531 2525 584 2582; x_wconf 79' lang='lat' dir='ltr'><strong>hat</strong></span> <span class='ocrx_word' id='word_1_143' title='bbox 610 2522 733 2581; x_wconf 80' lang='lat' dir='ltr'><strong>dierelbe</strong></span> <span class='ocrx_word' id='word_1_144' title='bbox 753 2523 850 2581; x_wconf 82' lang='lat' dir='ltr'><strong>Hand</strong></span> <span class='ocrx_word' id='word_1_145' title='bbox 866 2523 1072 2600; x_wconf 66' lang='lat' dir='ltr'><strong>patefaciebat,-</strong></span> <span class='ocrx_word' id='word_1_146' title='bbox 1097 2526 1153 2583; x_wconf 81' lang='lat' dir='ltr'><strong>dor</strong></span> <span class='ocrx_word' id='word_1_147' title='bbox 1174 2523 1333 2600; x_wconf 73' lang='lat' dir='ltr'><strong>Folqeadc‚</strong></span> <span class='ocrx_word' id='word_1_148' title='bbox 1353 2527 1458 2599; x_wconf 70' lang='lat' dir='ltr'><strong>apator</strong></span> <span class='ocrx_word' id='word_1_149' title='bbox 1479 2521 1591 2582; x_wconf 76' lang='lat' dir='ltr'><strong>wieder</strong></span> <span class='ocrx_word' id='word_1_150' title='bbox 1616 2539 1696 2596; x_wconf 72' lang='lat' dir='ltr'><strong>ampr-</strong></span> 
     </span>
     <span class='ocr_line' id='line_1_18' title="bbox 303 2624 738 2697; baseline -0.016 -11"><span class='ocrx_word' id='word_1_151' title='bbox 303 2626 440 2697; x_wconf 79' lang='lat' dir='ltr'><strong>atrichcn,</strong></span> <span class='ocrx_word' id='word_1_152' title='bbox 463 2625 502 2682; x_wconf 81' lang='lat' dir='ltr'><strong>iet</strong></span> <span class='ocrx_word' id='word_1_153' title='bbox 522 2643 579 2682; x_wconf 83' lang='lat' dir='ltr'><strong>uon</strong></span> <span class='ocrx_word' id='word_1_154' title='bbox 599 2624 738 2681; x_wconf 75' lang='lat' dir='ltr'><strong>crederer.</strong></span> 
     </span>
    </p>
   </div>
   <div class='ocr_carea' id='block_1_7' title="bbox 744 2776 1199 2856">
    <p class='ocr_par' dir='ltr' id='par_1_10' title="bbox 744 2776 1199 2856">
     <span class='ocr_line' id='line_1_19' title="bbox 744 2776 1199 2856; baseline 0 -4"><span class='ocrx_word' id='word_1_155' title='bbox 744 2848 746 2852; x_wconf 16' lang='grc' dir='ltr'><em>Α</em></span> <span class='ocrx_word' id='word_1_156' title='bbox 813 2791 863 2855; x_wconf 80' lang='lat'><strong>85·</strong></span> <span class='ocrx_word' id='word_1_157' title='bbox 891 2805 973 2853; x_wconf 90' lang='lat' dir='ltr'><strong>Vom</strong></span> <span class='ocrx_word' id='word_1_158' title='bbox 990 2776 1092 2854; x_wconf 71' lang='lat' dir='ltr'><strong>dabra</strong></span> <span class='ocrx_word' id='word_1_159' title='bbox 1114 2803 1199 2856; x_wconf 80' lang='grc'><strong>1437.</strong></span> 
     </span>
    </p>
   </div>
   <div class='ocr_carea' id='block_1_8' title="bbox 259 2923 1692 4014">
    <p class='ocr_par' dir='ltr' id='par_1_11' title="bbox 259 2923 1692 4014">
     <span class='ocr_line' id='line_1_20' title="bbox 383 2923 1692 3021; baseline -0.003 -20"><span class='ocrx_word' id='word_1_160' title='bbox 383 2937 464 3002; x_wconf 90' lang='lat' dir='ltr'><strong>Item</strong></span> <span class='ocrx_word' id='word_1_161' title='bbox 491 2933 627 3019; x_wconf 88' lang='lat' dir='ltr'><strong>quilibet</strong></span> <span class='ocrx_word' id='word_1_162' title='bbox 654 2936 899 3019; x_wconf 87' lang='lat' dir='ltr'><strong>magistrorum,</strong></span> <span class='ocrx_word' id='word_1_163' title='bbox 925 2933 1035 3021; x_wconf 84' lang='lat' dir='ltr'><strong>legens</strong></span> <span class='ocrx_word' id='word_1_164' title='bbox 1062 2933 1114 2999; x_wconf 87' lang='lat' dir='ltr'><strong>vel</strong></span> <span class='ocrx_word' id='word_1_165' title='bbox 1144 2923 1314 3020; x_wconf 83' lang='lat' dir='ltr'><strong>disputans</strong></span> <span class='ocrx_word' id='word_1_166' title='bbox 1342 2929 1493 3018; x_wconf 88' lang='lat' dir='ltr'><strong>aliquem</strong></span> <span class='ocrx_word' id='word_1_167' title='bbox 1511 2930 1627 2997; x_wconf 84' lang='lat' dir='ltr'><strong>librum</strong></span> <span class='ocrx_word' id='word_1_168' title='bbox 1651 2951 1692 3017; x_wconf 84' lang='lat' dir='ltr'><strong>pro</strong></span> 
     </span>
     <span class='ocr_line' id='line_1_21' title="bbox 259 3025 1692 3123; baseline -0.006 -20"><span class='ocrx_word' id='word_1_169' title='bbox 259 3036 406 3123; x_wconf 76' lang='lat' dir='ltr'><strong>aogradu</strong></span> <span class='ocrx_word' id='word_1_170' title='bbox 426 3032 664 3100; x_wconf 88' lang='lat' dir='ltr'><strong>baccalariatus</strong></span> <span class='ocrx_word' id='word_1_171' title='bbox 686 3034 737 3099; x_wconf 89' lang='lat' dir='ltr'><strong>vel</strong></span> <span class='ocrx_word' id='word_1_172' title='bbox 766 3035 945 3123; x_wconf 84' lang='lat' dir='ltr'><strong>magisterii</strong></span> <span class='ocrx_word' id='word_1_173' title='bbox 968 3036 1003 3099; x_wconf 92' lang='lat' dir='ltr'><strong>in</strong></span> <span class='ocrx_word' id='word_1_174' title='bbox 1025 3033 1159 3114; x_wconf 86' lang='lat' dir='ltr'><strong>artibus,</strong></span> <span class='ocrx_word' id='word_1_175' title='bbox 1187 3043 1260 3119; x_wconf 89' lang='lat' dir='ltr'><strong>post</strong></span> <span class='ocrx_word' id='word_1_176' title='bbox 1286 3025 1382 3098; x_wconf 89' lang='lat' dir='ltr'><strong>finem</strong></span> <span class='ocrx_word' id='word_1_177' title='bbox 1408 3031 1533 3097; x_wconf 88' lang='lat' dir='ltr'><strong>laboris</strong></span> <span class='ocrx_word' id='word_1_178' title='bbox 1560 3033 1608 3098; x_wconf 89' lang='lat' dir='ltr'><strong>sui</strong></span> <span class='ocrx_word' id='word_1_179' title='bbox 1630 3029 1692 3094; x_wconf 81' lang='lat' dir='ltr'><strong>infra</strong></span> 
     </span>
     <span class='ocr_line' id='line_1_22' title="bbox 301 3130 1692 3223; baseline -0.006 -22"><span class='ocrx_word' id='word_1_180' title='bbox 301 3135 496 3223; x_wconf 89' lang='lat' dir='ltr'><strong>quindenam</strong></span> <span class='ocrx_word' id='word_1_181' title='bbox 518 3130 561 3196; x_wconf 94' lang='lat' dir='ltr'><strong>ad</strong></span> <span class='ocrx_word' id='word_1_182' title='bbox 586 3132 763 3197; x_wconf 87' lang='lat' dir='ltr'><strong>maximum</strong></span> <span class='ocrx_word' id='word_1_183' title='bbox 785 3133 843 3198; x_wconf 89' lang='lat' dir='ltr'><strong>sub</strong></span> <span class='ocrx_word' id='word_1_184' title='bbox 866 3155 972 3220; x_wconf 91' lang='lat' dir='ltr'><strong>poena</strong></span> <span class='ocrx_word' id='word_1_185' title='bbox 1000 3133 1167 3196; x_wconf 75' lang='lat' dir='ltr'><strong>carentiae</strong></span> <span class='ocrx_word' id='word_1_186' title='bbox 1192 3134 1305 3222; x_wconf 85' lang='lat' dir='ltr'><strong>pastus</strong></span> <span class='ocrx_word' id='word_1_187' title='bbox 1334 3141 1462 3196; x_wconf 85' lang='lat' dir='ltr'><strong>annum</strong></span> <span class='ocrx_word' id='word_1_188' title='bbox 1482 3130 1692 3196; x_wconf 83' lang='lat' dir='ltr'><strong>incarnacionis</strong></span> 
     </span>
     <span class='ocr_line' id='line_1_23' title="bbox 301 3225 1691 3319; baseline -0.007 -19"><span class='ocrx_word' id='word_1_189' title='bbox 301 3234 423 3299; x_wconf 92' lang='lat' dir='ltr'><strong>domini</strong></span> <span class='ocrx_word' id='word_1_190' title='bbox 443 3242 474 3297; x_wconf 91' lang='lat' dir='ltr'><strong>et</strong></span> <span class='ocrx_word' id='word_1_191' title='bbox 499 3231 595 3313; x_wconf 93' lang='lat' dir='ltr'><strong>diem,</strong></span> <span class='ocrx_word' id='word_1_192' title='bbox 622 3232 656 3295; x_wconf 92' lang='lat' dir='ltr'><strong>in</strong></span> <span class='ocrx_word' id='word_1_193' title='bbox 677 3254 740 3317; x_wconf 91' lang='lat' dir='ltr'><strong>quo</strong></span> <span class='ocrx_word' id='word_1_194' title='bbox 762 3233 882 3319; x_wconf 88' lang='lat' dir='ltr'><strong>incepit</strong></span> <span class='ocrx_word' id='word_1_195' title='bbox 905 3232 939 3295; x_wconf 87' lang='lat' dir='ltr'><strong>et&#39;</strong></span> <span class='ocrx_word' id='word_1_196' title='bbox 962 3231 1076 3314; x_wconf 84' lang='lat' dir='ltr'><strong>finivit,</strong></span> <span class='ocrx_word' id='word_1_197' title='bbox 1104 3240 1136 3294; x_wconf 89' lang='lat' dir='ltr'><strong>et</strong></span> <span class='ocrx_word' id='word_1_198' title='bbox 1160 3232 1291 3296; x_wconf 89' lang='lat' dir='ltr'><strong>nomina</strong></span> <span class='ocrx_word' id='word_1_199' title='bbox 1317 3230 1455 3311; x_wconf 89' lang='lat' dir='ltr'><strong>illorum,</strong></span> <span class='ocrx_word' id='word_1_200' title='bbox 1485 3231 1543 3315; x_wconf 93' lang='lat' dir='ltr'><strong>qui</strong></span> <span class='ocrx_word' id='word_1_201' title='bbox 1570 3229 1627 3294; x_wconf 86' lang='lat' dir='ltr'><strong>sibi</strong></span> <span class='ocrx_word' id='word_1_202' title='bbox 1650 3225 1691 3291; x_wconf 86' lang='lat' dir='ltr'><strong>sub</strong></span> 
     </span>
     <span class='ocr_line' id='line_1_24' title="bbox 301 3329 1690 3419; baseline -0.006 -21"><span class='ocrx_word' id='word_1_203' title='bbox 301 3346 447 3419; x_wconf 88' lang='lat' dir='ltr'><strong>tempore</strong></span> <span class='ocrx_word' id='word_1_204' title='bbox 474 3330 596 3395; x_wconf 88' lang='lat' dir='ltr'><strong>laboris</strong></span> <span class='ocrx_word' id='word_1_205' title='bbox 622 3352 680 3417; x_wconf 88' lang='lat' dir='ltr'><strong>per</strong></span> <span class='ocrx_word' id='word_1_206' title='bbox 706 3333 890 3418; x_wconf 74' lang='lat' dir='ltr'><strong>parturiam,</strong></span> <span class='ocrx_word' id='word_1_207' title='bbox 923 3332 1040 3417; x_wconf 84' lang='lat' dir='ltr'><strong>pignus</strong></span> <span class='ocrx_word' id='word_1_208' title='bbox 1072 3329 1233 3408; x_wconf 83' lang='lat' dir='ltr'><strong>sufficiens</strong></span> <span class='ocrx_word' id='word_1_209' title='bbox 1260 3329 1313 3395; x_wconf 86' lang='lat' dir='ltr'><strong>vel</strong></span> <span class='ocrx_word' id='word_1_210' title='bbox 1343 3330 1527 3395; x_wconf 90' lang='lat' dir='ltr'><strong>cautionem</strong></span> <span class='ocrx_word' id='word_1_211' title='bbox 1553 3329 1690 3394; x_wconf 80' lang='lat' dir='ltr'><strong>fideiusso-</strong></span> 
     </span>
     <span class='ocr_line' id='line_1_25' title="bbox 301 3422 1689 3515; baseline -0.006 -18"><span class='ocrx_word' id='word_1_212' title='bbox 301 3433 383 3498; x_wconf 82' lang='lat' dir='ltr'><strong>riam</strong></span> <span class='ocrx_word' id='word_1_213' title='bbox 410 3431 510 3494; x_wconf 87' lang='lat' dir='ltr'><strong>iuxta</strong></span> <span class='ocrx_word' id='word_1_214' title='bbox 531 3440 674 3494; x_wconf 91' lang='lat' dir='ltr'><strong>tenorem</strong></span> <span class='ocrx_word' id='word_1_215' title='bbox 690 3432 813 3494; x_wconf 77' lang='lat' dir='ltr'><strong>&#39;statuti</strong></span> <span class='ocrx_word' id='word_1_216' title='bbox 839 3422 1063 3515; x_wconf 84' lang='lat' dir='ltr'><strong>satisfecerunt</strong></span> <span class='ocrx_word' id='word_1_217' title='bbox 1082 3428 1134 3493; x_wconf 82' lang='lat' dir='ltr'><strong>vel</strong></span> <span class='ocrx_word' id='word_1_218' title='bbox 1162 3452 1234 3493; x_wconf 89' lang='lat' dir='ltr'><strong>eum</strong></span> <span class='ocrx_word' id='word_1_219' title='bbox 1259 3429 1300 3493; x_wconf 90' lang='lat' dir='ltr'><strong>de</strong></span> <span class='ocrx_word' id='word_1_220' title='bbox 1330 3429 1388 3494; x_wconf 87' lang='lat' dir='ltr'><strong>sua</strong></span> <span class='ocrx_word' id='word_1_221' title='bbox 1414 3436 1605 3515; x_wconf 83' lang='lat' dir='ltr'><strong>paupertate</strong></span> <span class='ocrx_word' id='word_1_222' title='bbox 1628 3423 1689 3490; x_wconf 85' lang='lat' dir='ltr'><strong>suffi-</strong></span> 
     </span>
     <span class='ocr_line' id='line_1_26' title="bbox 261 3527 1688 3615; baseline -0.007 -19"><span class='ocrx_word' id='word_1_223' title='bbox 261 3533 423 3609; x_wconf 47' lang='lat' dir='ltr'><strong>amanter</strong></span> <span class='ocrx_word' id='word_1_224' title='bbox 444 3529 707 3612; x_wconf 89' lang='lat' dir='ltr'><strong>informaverunt,</strong></span> <span class='ocrx_word' id='word_1_225' title='bbox 727 3528 863 3601; x_wconf 84' lang='lat' dir='ltr'><strong>fideliter</strong></span> <span class='ocrx_word' id='word_1_226' title='bbox 886 3531 954 3594; x_wconf 86' lang='lat' dir='ltr'><strong>sine</strong></span> <span class='ocrx_word' id='word_1_227' title='bbox 975 3527 1049 3592; x_wconf 92' lang='lat' dir='ltr'><strong>dolo</strong></span> <span class='ocrx_word' id='word_1_228' title='bbox 1072 3538 1104 3593; x_wconf 88' lang='lat' dir='ltr'><strong>et</strong></span> <span class='ocrx_word' id='word_1_229' title='bbox 1119 3528 1233 3593; x_wconf 89' lang='lat' dir='ltr'><strong>fraude</strong></span> <span class='ocrx_word' id='word_1_230' title='bbox 1254 3528 1297 3593; x_wconf 91' lang='lat' dir='ltr'><strong>ad</strong></span> <span class='ocrx_word' id='word_1_231' title='bbox 1317 3527 1438 3606; x_wconf 89' lang='lat' dir='ltr'><strong>librum</strong></span> <span class='ocrx_word' id='word_1_232' title='bbox 1457 3528 1632 3615; x_wconf 85' lang='lat' dir='ltr'><strong>papireum,</strong></span> <span class='ocrx_word' id='word_1_233' title='bbox 1649 3545 1688 3612; x_wconf 85' lang='lat' dir='ltr'><strong>per</strong></span> 
     </span>
     <span class='ocr_line' id='line_1_27' title="bbox 301 3623 1687 3715; baseline -0.008 -19"><span class='ocrx_word' id='word_1_234' title='bbox 301 3629 488 3713; x_wconf 76' lang='lat' dir='ltr'><strong>faoidtatem</strong></span> <span class='ocrx_word' id='word_1_235' title='bbox 511 3629 635 3691; x_wconf 90' lang='lat' dir='ltr'><strong>arcium</strong></span> <span class='ocrx_word' id='word_1_236' title='bbox 656 3628 699 3693; x_wconf 90' lang='lat' dir='ltr'><strong>ad</strong></span> <span class='ocrx_word' id='word_1_237' title='bbox 720 3628 782 3693; x_wconf 95' lang='lat' dir='ltr'><strong>hoc</strong></span> <span class='ocrx_word' id='word_1_238' title='bbox 803 3627 987 3715; x_wconf 89' lang='lat' dir='ltr'><strong>specialiter</strong></span> <span class='ocrx_word' id='word_1_239' title='bbox 1008 3626 1223 3713; x_wconf 86' lang='lat' dir='ltr'><strong>deputatum³,</strong></span> <span class='ocrx_word' id='word_1_240' title='bbox 1250 3646 1347 3693; x_wconf 90' lang='lat' dir='ltr'><strong>manu</strong></span> <span class='ocrx_word' id='word_1_241' title='bbox 1373 3628 1509 3714; x_wconf 85' lang='lat' dir='ltr'><strong>propria</strong></span> <span class='ocrx_word' id='word_1_242' title='bbox 1529 3623 1687 3692; x_wconf 86' lang='lat' dir='ltr'><strong>conscribat</strong></span> 
     </span>
     <span class='ocr_line' id='line_1_28' title="bbox 303 3719 1687 3813; baseline -0.007 -19"><span class='ocrx_word' id='word_1_243' title='bbox 303 3730 369 3809; x_wconf 77' lang='lat' dir='ltr'><strong>Qui</strong></span> <span class='ocrx_word' id='word_1_244' title='bbox 390 3729 438 3791; x_wconf 90' lang='lat' dir='ltr'><strong>sic</strong></span> <span class='ocrx_word' id='word_1_245' title='bbox 458 3727 608 3813; x_wconf 82' lang='lat' dir='ltr'><strong>inscripti</strong></span> <span class='ocrx_word' id='word_1_246' title='bbox 630 3726 672 3790; x_wconf 89' lang='lat' dir='ltr'><strong>ad</strong></span> <span class='ocrx_word' id='word_1_247' title='bbox 694 3748 831 3791; x_wconf 88' lang='lat' dir='ltr'><strong>examen</strong></span> <span class='ocrx_word' id='word_1_248' title='bbox 851 3726 903 3791; x_wconf 91' lang='lat' dir='ltr'><strong>vel</strong></span> <span class='ocrx_word' id='word_1_249' title='bbox 924 3736 1122 3813; x_wconf 89' lang='lat' dir='ltr'><strong>temptamen</strong></span> <span class='ocrx_word' id='word_1_250' title='bbox 1144 3726 1363 3811; x_wconf 85' lang='lat' dir='ltr'><strong>admittantur,</strong></span> <span class='ocrx_word' id='word_1_251' title='bbox 1384 3727 1442 3792; x_wconf 89' lang='lat' dir='ltr'><strong>alii</strong></span> <span class='ocrx_word' id='word_1_252' title='bbox 1462 3748 1540 3791; x_wconf 88' lang='lat' dir='ltr'><strong>vero</strong></span> <span class='ocrx_word' id='word_1_253' title='bbox 1562 3747 1629 3806; x_wconf 90' lang='lat' dir='ltr'><strong>non,</strong></span> <span class='ocrx_word' id='word_1_254' title='bbox 1645 3719 1687 3785; x_wconf 79' lang='lat' dir='ltr'><strong>nisi</strong></span> 
     </span>
     <span class='ocr_line' id='line_1_29' title="bbox 302 3819 1686 3913; baseline -0.006 -21"><span class='ocrx_word' id='word_1_255' title='bbox 302 3828 400 3892; x_wconf 85' lang='lat' dir='ltr'><strong>talem</strong></span> <span class='ocrx_word' id='word_1_256' title='bbox 420 3825 593 3890; x_wconf 87' lang='lat' dir='ltr'><strong>leccionem</strong></span> <span class='ocrx_word' id='word_1_257' title='bbox 615 3824 667 3889; x_wconf 87' lang='lat' dir='ltr'><strong>vel</strong></span> <span class='ocrx_word' id='word_1_258' title='bbox 686 3826 889 3889; x_wconf 83' lang='lat' dir='ltr'><strong>exercicium</strong></span> <span class='ocrx_word' id='word_1_259' title='bbox 911 3827 1025 3889; x_wconf 89' lang='lat' dir='ltr'><strong>iterato</strong></span> <span class='ocrx_word' id='word_1_260' title='bbox 1048 3825 1192 3907; x_wconf 88' lang='lat' dir='ltr'><strong>audiant,</strong></span> <span class='ocrx_word' id='word_1_261' title='bbox 1219 3834 1287 3889; x_wconf 89' lang='lat' dir='ltr'><strong>tam</strong></span> <span class='ocrx_word' id='word_1_262' title='bbox 1306 3828 1411 3913; x_wconf 91' lang='lat' dir='ltr'><strong>primo</strong></span> <span class='ocrx_word' id='word_1_263' title='bbox 1438 3825 1560 3912; x_wconf 84' lang='lat' dir='ltr'><strong>legenti</strong></span> <span class='ocrx_word' id='word_1_264' title='bbox 1581 3821 1626 3888; x_wconf 85' lang='lat' dir='ltr'><strong>vel</strong></span> <span class='ocrx_word' id='word_1_265' title='bbox 1644 3819 1686 3884; x_wconf 82' lang='lat' dir='ltr'><strong>dis·</strong></span> 
     </span>
     <span class='ocr_line' id='line_1_30' title="bbox 302 3918 1686 4014; baseline -0.002 -23"><span class='ocrx_word' id='word_1_266' title='bbox 302 3927 427 4014; x_wconf 92' lang='lat' dir='ltr'><strong>putanti</strong></span> <span class='ocrx_word' id='word_1_267' title='bbox 458 3947 553 4010; x_wconf 88' lang='lat' dir='ltr'><strong>quam</strong></span> <span class='ocrx_word' id='word_1_268' title='bbox 583 3926 684 3988; x_wconf 90' lang='lat' dir='ltr'><strong>eciam</strong></span> <span class='ocrx_word' id='word_1_269' title='bbox 713 3923 853 3988; x_wconf 88' lang='lat' dir='ltr'><strong>secundo</strong></span> <span class='ocrx_word' id='word_1_270' title='bbox 877 3947 937 4011; x_wconf 90' lang='lat' dir='ltr'><strong>pro</strong></span> <span class='ocrx_word' id='word_1_271' title='bbox 965 3926 1030 3988; x_wconf 86' lang='lat' dir='ltr'><strong>suia</strong></span> <span class='ocrx_word' id='word_1_272' title='bbox 1060 3923 1226 3990; x_wconf 85' lang='lat' dir='ltr'><strong>laboribus</strong></span> <span class='ocrx_word' id='word_1_273' title='bbox 1253 3926 1460 4007; x_wconf 85' lang='lat' dir='ltr'><strong>satisfacturi,</strong></span> <span class='ocrx_word' id='word_1_274' title='bbox 1487 3926 1552 3989; x_wconf 91' lang='lat' dir='ltr'><strong>nisi</strong></span> <span class='ocrx_word' id='word_1_275' title='bbox 1577 3942 1640 3988; x_wconf 89' lang='lat' dir='ltr'><strong>cum</strong></span> <span class='ocrx_word' id='word_1_276' title='bbox 1656 3918 1686 3982; x_wconf 74' lang='lat' dir='ltr'><strong>eit</strong></span> 
     </span>
    </p>
   </div>
   <div class='ocr_carea' id='block_1_9' title="bbox 301 4185 1688 5183">
    <p class='ocr_par' dir='ltr' id='par_1_12' title="bbox 379 4185 1597 4258">
     <span class='ocr_line' id='line_1_31' title="bbox 379 4185 1597 4258; baseline -0.002 -14"><span class='ocrx_word' id='word_1_277' title='bbox 379 4195 390 4244; x_wconf 92' lang='lat'>1</span> <span class='ocrx_word' id='word_1_278' title='bbox 412 4189 496 4243; x_wconf 88' lang='lat' dir='ltr'><strong>Diese</strong></span> <span class='ocrx_word' id='word_1_279' title='bbox 512 4187 702 4245; x_wconf 87' lang='lat' dir='ltr'><strong>Uebersohrift</strong></span> <span class='ocrx_word' id='word_1_280' title='bbox 719 4187 755 4240; x_wconf 88' lang='lat' dir='ltr'><strong>ist</strong></span> <span class='ocrx_word' id='word_1_281' title='bbox 773 4190 864 4256; x_wconf 78' lang='lat' dir='ltr'><strong>sptiter</strong></span> <span class='ocrx_word' id='word_1_282' title='bbox 876 4186 1087 4258; x_wconf 84' lang='lat' dir='ltr'><strong>-nachgetragen</strong></span> <span class='ocrx_word' id='word_1_283' title='bbox 1104 4186 1160 4241; x_wconf 88' lang='lat' dir='ltr'><strong>und</strong></span> <span class='ocrx_word' id='word_1_284' title='bbox 1177 4203 1250 4240; x_wconf 86' lang='lat' dir='ltr'><strong>zwar</strong></span> <span class='ocrx_word' id='word_1_285' title='bbox 1270 4186 1321 4242; x_wconf 91' lang='lat' dir='ltr'><strong>mit</strong></span> <span class='ocrx_word' id='word_1_286' title='bbox 1337 4185 1491 4242; x_wconf 81' lang='lat' dir='ltr'><strong>schwaraer</strong></span> <span class='ocrx_word' id='word_1_287' title='bbox 1508 4187 1597 4242; x_wconf 84' lang='lat' dir='ltr'><strong>Tinte.</strong></span> 
     </span>
    </p>

    <p class='ocr_par' dir='ltr' id='par_1_13' title="bbox 301 4263 1688 4914">
     <span class='ocr_line' id='line_1_32' title="bbox 379 4263 1180 4347; baseline -0.006 -18"><span class='ocrx_word' id='word_1_288' title='bbox 379 4280 393 4329; x_wconf 82' lang='lat'><strong>2</strong></span> <span class='ocrx_word' id='word_1_289' title='bbox 413 4271 599 4329; x_wconf 83' lang='lat' dir='ltr'><strong>Geschriebcn</strong></span> <span class='ocrx_word' id='word_1_290' title='bbox 615 4273 720 4347; x_wconf 74' lang='lat' dir='ltr'><strong>debite,</strong></span> <span class='ocrx_word' id='word_1_291' title='bbox 739 4271 876 4326; x_wconf 86' lang='lat' dir='ltr'><strong>vielleicht</strong></span> <span class='ocrx_word' id='word_1_292' title='bbox 895 4263 932 4325; x_wconf 87' lang='lat' dir='ltr'><strong>ist</strong></span> <span class='ocrx_word' id='word_1_293' title='bbox 947 4289 976 4326; x_wconf 88' lang='lat' dir='ltr'><strong>es</strong></span> <span class='ocrx_word' id='word_1_294' title='bbox 994 4272 1045 4324; x_wconf 84' lang='lat' dir='ltr'><strong>dae</strong></span> <span class='ocrx_word' id='word_1_295' title='bbox 1060 4269 1180 4325; x_wconf 84' lang='lat' dir='ltr'><strong>Adverb.</strong></span> 
     </span>
     <span class='ocr_line' id='line_1_33' title="bbox 317 4343 1686 4426; baseline -0.004 -16"><span class='ocrx_word' id='word_1_296' title='bbox 317 4361 320 4364; x_wconf 80' lang='grc'><strong><em>’</em></strong></span> <span class='ocrx_word' id='word_1_297' title='bbox 378 4361 393 4410; x_wconf 89' lang='grc'>3</span> <span class='ocrx_word' id='word_1_298' title='bbox 414 4357 512 4411; x_wconf 86' lang='lat' dir='ltr'><strong>Dieaer</strong></span> <span class='ocrx_word' id='word_1_299' title='bbox 530 4357 599 4409; x_wconf 84' lang='lat' dir='ltr'><strong>liber</strong></span> <span class='ocrx_word' id='word_1_300' title='bbox 615 4357 747 4426; x_wconf 78' lang='lat' dir='ltr'><strong>popircae</strong></span> <span class='ocrx_word' id='word_1_301' title='bbox 768 4354 816 4409; x_wconf 90' lang='lat' dir='ltr'><strong>hat</strong></span> <span class='ocrx_word' id='word_1_302' title='bbox 836 4352 895 4409; x_wconf 87' lang='lat' dir='ltr'><strong>sich</strong></span> <span class='ocrx_word' id='word_1_303' title='bbox 912 4354 1044 4410; x_wconf 88' lang='lat' dir='ltr'><strong>erhalten.</strong></span> <span class='ocrx_word' id='word_1_304' title='bbox 1078 4354 1119 4410; x_wconf 83' lang='lat' dir='ltr'><strong>Er</strong></span> <span class='ocrx_word' id='word_1_305' title='bbox 1138 4353 1255 4423; x_wconf 78' lang='lat' dir='ltr'><strong>begiunt</strong></span> <span class='ocrx_word' id='word_1_306' title='bbox 1278 4353 1329 4407; x_wconf 93' lang='lat' dir='ltr'><strong>mit</strong></span> <span class='ocrx_word' id='word_1_307' title='bbox 1350 4354 1413 4409; x_wconf 89' lang='lat' dir='ltr'><strong>dem</strong></span> <span class='ocrx_word' id='word_1_308' title='bbox 1437 4353 1537 4410; x_wconf 63' lang='grc'><strong>11111</strong></span> <span class='ocrx_word' id='word_1_309' title='bbox 1556 4359 1621 4410; x_wconf 77' lang='grc'><strong>1111.</strong></span> <span class='ocrx_word' id='word_1_310' title='bbox 1644 4343 1686 4415; x_wconf 72' lang='lat' dir='ltr'><strong>Vgl</strong></span> 
     </span>
     <span class='ocr_line' id='line_1_34' title="bbox 303 4427 1686 4509; baseline -0.005 -12"><span class='ocrx_word' id='word_1_311' title='bbox 303 4441 438 4497; x_wconf 87' lang='lat' dir='ltr'><strong>Urkundl.</strong></span> <span class='ocrx_word' id='word_1_312' title='bbox 458 4440 573 4504; x_wconf 86' lang='lat' dir='ltr'><strong>Quellen</strong></span> <span class='ocrx_word' id='word_1_313' title='bbox 593 4440 618 4494; x_wconf 89' lang='lat' dir='ltr'><strong>S.</strong></span> <span class='ocrx_word' id='word_1_314' title='bbox 638 4446 694 4495; x_wconf 81' lang='lat'><strong>853.</strong></span> <span class='ocrx_word' id='word_1_315' title='bbox 731 4440 808 4493; x_wconf 82' lang='lat' dir='ltr'><strong>Kura</strong></span> <span class='ocrx_word' id='word_1_316' title='bbox 825 4439 924 4495; x_wconf 88' lang='lat' dir='ltr'><strong>vorher</strong></span> <span class='ocrx_word' id='word_1_317' title='bbox 941 4439 1008 4493; x_wconf 83' lang='lat' dir='ltr'><strong>wird</strong></span> <span class='ocrx_word' id='word_1_318' title='bbox 1024 4455 1107 4493; x_wconf 88' lang='lat' dir='ltr'><strong>unsar</strong></span> <span class='ocrx_word' id='word_1_319' title='bbox 1120 4437 1267 4492; x_wconf 84' lang='lat' dir='ltr'><strong>Besohlusa</strong></span> <span class='ocrx_word' id='word_1_320' title='bbox 1285 4437 1392 4509; x_wconf 61' lang='lat' dir='ltr'><strong>gdaast</strong></span> <span class='ocrx_word' id='word_1_321' title='bbox 1407 4439 1521 4494; x_wconf 77' lang='lat' dir='ltr'><strong>worden</strong></span> <span class='ocrx_word' id='word_1_322' title='bbox 1537 4439 1601 4495; x_wconf 77' lang='lat' dir='ltr'><strong>aeia</strong></span> <span class='ocrx_word' id='word_1_323' title='bbox 1629 4427 1686 4490; x_wconf 64' lang='lat' dir='ltr'><strong>Auel</strong></span> 
     </span>
     <span class='ocr_line' id='line_1_35' title="bbox 302 4522 1687 4593; baseline -0.001 -14"><span class='ocrx_word' id='word_1_324' title='bbox 302 4525 422 4579; x_wconf 82' lang='lat' dir='ltr'><strong>erkenne</strong></span> <span class='ocrx_word' id='word_1_325' title='bbox 445 4523 490 4578; x_wconf 90' lang='lat' dir='ltr'><strong>ich</strong></span> <span class='ocrx_word' id='word_1_326' title='bbox 511 4525 582 4593; x_wconf 82' lang='lat' dir='ltr'><strong>jetat</strong></span> <span class='ocrx_word' id='word_1_327' title='bbox 598 4523 720 4578; x_wconf 87' lang='lat' dir='ltr'><strong>deutlich</strong></span> <span class='ocrx_word' id='word_1_328' title='bbox 737 4523 781 4578; x_wconf 88' lang='lat' dir='ltr'><strong>die</strong></span> <span class='ocrx_word' id='word_1_329' title='bbox 800 4524 883 4577; x_wconf 88' lang='lat' dir='ltr'><strong>Hand</strong></span> <span class='ocrx_word' id='word_1_330' title='bbox 907 4523 954 4577; x_wconf 89' lang='lat' dir='ltr'><strong>des</strong></span> <span class='ocrx_word' id='word_1_331' title='bbox 972 4522 1157 4578; x_wconf 81' lang='lat' dir='ltr'><strong>Christoforus</strong></span> <span class='ocrx_word' id='word_1_332' title='bbox 1181 4522 1215 4576; x_wconf 89' lang='lat' dir='ltr'><strong>de</strong></span> <span class='ocrx_word' id='word_1_333' title='bbox 1233 4522 1349 4592; x_wconf 87' lang='lat' dir='ltr'><strong>Holmie,</strong></span> <span class='ocrx_word' id='word_1_334' title='bbox 1371 4523 1420 4578; x_wconf 89' lang='lat' dir='ltr'><strong>der</strong></span> <span class='ocrx_word' id='word_1_335' title='bbox 1440 4524 1525 4580; x_wconf 67' lang='lat'><strong>1437*</strong></span> <span class='ocrx_word' id='word_1_336' title='bbox 1543 4524 1633 4578; x_wconf 78' lang='lat' dir='ltr'><strong>neom</strong></span> <span class='ocrx_word' id='word_1_337' title='bbox 1649 4529 1687 4567; x_wconf 61' lang='grc' dir='ltr'><strong><em>Ν</em></strong></span> 
     </span>
     <span class='ocr_line' id='line_1_36' title="bbox 302 4599 1686 4678; baseline -0.004 -15"><span class='ocrx_word' id='word_1_338' title='bbox 302 4610 358 4663; x_wconf 91' lang='lat' dir='ltr'><strong>und</strong></span> <span class='ocrx_word' id='word_1_339' title='bbox 377 4609 425 4662; x_wconf 92' lang='lat' dir='ltr'><strong>der</strong></span> <span class='ocrx_word' id='word_1_340' title='bbox 441 4608 534 4663; x_wconf 85' lang='lat' dir='ltr'><strong>diesen</strong></span> <span class='ocrx_word' id='word_1_341' title='bbox 545 4606 692 4661; x_wconf 85' lang='lat' dir='ltr'><strong>Baschluss</strong></span> <span class='ocrx_word' id='word_1_342' title='bbox 710 4607 893 4678; x_wconf 75' lang='lat' dir='ltr'><strong>eigenhdndig</strong></span> <span class='ocrx_word' id='word_1_343' title='bbox 906 4607 1086 4678; x_wconf 85' lang='lat' dir='ltr'><strong>eingetragen</strong></span> <span class='ocrx_word' id='word_1_344' title='bbox 1103 4607 1159 4660; x_wconf 92' lang='lat' dir='ltr'><strong>hat.</strong></span> <span class='ocrx_word' id='word_1_345' title='bbox 1187 4605 1286 4675; x_wconf 74' lang='lat' dir='ltr'><strong>Spdter</strong></span> <span class='ocrx_word' id='word_1_346' title='bbox 1302 4605 1338 4659; x_wconf 89' lang='lat' dir='ltr'><strong>ist</strong></span> <span class='ocrx_word' id='word_1_347' title='bbox 1354 4624 1385 4661; x_wconf 90' lang='lat' dir='ltr'><strong>er</strong></span> <span class='ocrx_word' id='word_1_348' title='bbox 1397 4606 1497 4663; x_wconf 82' lang='lat' dir='ltr'><strong>wieder</strong></span> <span class='ocrx_word' id='word_1_349' title='bbox 1513 4599 1686 4662; x_wconf 72' lang='lat' dir='ltr'><strong>durchatriobtfl</strong></span> 
     </span>
     <span class='ocr_line' id='line_1_37' title="bbox 301 4684 1688 4767; baseline -0.001 -22"><span class='ocrx_word' id='word_1_350' title='bbox 301 4692 418 4759; x_wconf 86' lang='lat' dir='ltr'><strong>worden,</strong></span> <span class='ocrx_word' id='word_1_351' title='bbox 438 4691 495 4745; x_wconf 90' lang='lat' dir='ltr'><strong>und</strong></span> <span class='ocrx_word' id='word_1_352' title='bbox 512 4708 548 4746; x_wconf 87' lang='lat' dir='ltr'><strong>an</strong></span> <span class='ocrx_word' id='word_1_353' title='bbox 566 4691 619 4745; x_wconf 89' lang='lat' dir='ltr'><strong>den</strong></span> <span class='ocrx_word' id='word_1_354' title='bbox 636 4691 717 4747; x_wconf 85' lang='lat' dir='ltr'><strong>Rand</strong></span> <span class='ocrx_word' id='word_1_355' title='bbox 735 4691 771 4744; x_wconf 82' lang='lat' dir='ltr'><strong>ist</strong></span> <span class='ocrx_word' id='word_1_356' title='bbox 788 4690 966 4761; x_wconf 79' lang='lat' dir='ltr'><strong>geschrieben</strong></span> <span class='ocrx_word' id='word_1_357' title='bbox 984 4699 1073 4767; x_wconf 67' lang='lat' dir='ltr'><strong>amat</strong></span> <span class='ocrx_word' id='word_1_358' title='bbox 1091 4689 1172 4744; x_wconf 88' lang='lat' dir='ltr'><strong>Auch</strong></span> <span class='ocrx_word' id='word_1_359' title='bbox 1190 4688 1235 4743; x_wconf 88' lang='lat' dir='ltr'><strong>fiir</strong></span> <span class='ocrx_word' id='word_1_360' title='bbox 1244 4689 1290 4743; x_wconf 85' lang='lat' dir='ltr'><strong>die</strong></span> <span class='ocrx_word' id='word_1_361' title='bbox 1301 4689 1369 4758; x_wconf 86' lang='lat' dir='ltr'><strong>Zeit,</strong></span> <span class='ocrx_word' id='word_1_362' title='bbox 1385 4692 1544 4747; x_wconf 80' lang='lat' dir='ltr'><strong>wanndiea</strong></span> <span class='ocrx_word' id='word_1_363' title='bbox 1558 4684 1688 4764; x_wconf 68' lang='lat' dir='ltr'><strong>garrera</strong></span> 
     </span>
     <span class='ocr_line' id='line_1_38' title="bbox 304 4765 1686 4845; baseline -0.003 -16"><span class='ocrx_word' id='word_1_364' title='bbox 304 4775 387 4829; x_wconf 88' lang='lat' dir='ltr'><strong>bietet</strong></span> <span class='ocrx_word' id='word_1_365' title='bbox 401 4776 480 4844; x_wconf 87' lang='lat' dir='ltr'><strong>jencs</strong></span> <span class='ocrx_word' id='word_1_366' title='bbox 496 4775 577 4830; x_wconf 88' lang='lat' dir='ltr'><strong>Buch</strong></span> <span class='ocrx_word' id='word_1_367' title='bbox 594 4774 732 4830; x_wconf 78' lang='lat' dir='ltr'><strong>viellaicht</strong></span> <span class='ocrx_word' id='word_1_368' title='bbox 747 4775 827 4830; x_wconf 86' lang='lat' dir='ltr'><strong>einen</strong></span> <span class='ocrx_word' id='word_1_369' title='bbox 843 4775 957 4845; x_wconf 83' lang='lat' dir='ltr'><strong>Anhalt,</strong></span> <span class='ocrx_word' id='word_1_370' title='bbox 973 4777 1010 4831; x_wconf 90' lang='lat' dir='ltr'><strong>da</strong></span> <span class='ocrx_word' id='word_1_371' title='bbox 1027 4792 1057 4830; x_wconf 87' lang='lat' dir='ltr'><strong>aa</strong></span> <span class='ocrx_word' id='word_1_372' title='bbox 1076 4772 1155 4829; x_wconf 90' lang='lat' dir='ltr'><strong>nicht</strong></span> <span class='ocrx_word' id='word_1_373' title='bbox 1172 4774 1268 4845; x_wconf 67' lang='lat' dir='ltr'><strong>linger</strong></span> <span class='ocrx_word' id='word_1_374' title='bbox 1282 4765 1453 4845; x_wconf 68' lang='lat' dir='ltr'><strong>fortgefunrt</strong></span> <span class='ocrx_word' id='word_1_375' title='bbox 1468 4775 1507 4830; x_wconf 85' lang='lat' dir='ltr'><strong>iat</strong></span> <span class='ocrx_word' id='word_1_376' title='bbox 1528 4777 1568 4831; x_wconf 83' lang='lat' dir='ltr'><strong>ala</strong></span> <span class='ocrx_word' id='word_1_377' title='bbox 1588 4775 1627 4831; x_wconf 79' lang='lat' dir='ltr'><strong>bia</strong></span> <span class='ocrx_word' id='word_1_378' title='bbox 1643 4783 1686 4825; x_wconf 70' lang='lat' dir='ltr'><strong>ra!</strong></span> 
     </span>
     <span class='ocr_line' id='line_1_39' title="bbox 301 4858 477 4914; baseline 0.011 -2"><span class='ocrx_word' id='word_1_379' title='bbox 301 4858 387 4913; x_wconf 84' lang='lat' dir='ltr'><strong>Jahre</strong></span> <span class='ocrx_word' id='word_1_380' title='bbox 406 4864 477 4914; x_wconf 76' lang='lat'>1440.</span> 
     </span>
    </p>

    <p class='ocr_par' dir='ltr' id='par_1_14' title="bbox 302 4937 1685 5183">
     <span class='ocr_line' id='line_1_40' title="bbox 379 4937 1685 5014; baseline 0.004 -19"><span class='ocrx_word' id='word_1_381' title='bbox 379 4942 432 4995; x_wconf 91' lang='lat' dir='ltr'><strong>Mit</strong></span> <span class='ocrx_word' id='word_1_382' title='bbox 452 4942 606 4997; x_wconf 88' lang='lat' dir='ltr'><strong>Sichorheit</strong></span> <span class='ocrx_word' id='word_1_383' title='bbox 627 4942 694 5014; x_wconf 85' lang='lat' dir='ltr'><strong>geht</strong></span> <span class='ocrx_word' id='word_1_384' title='bbox 718 4942 828 4998; x_wconf 85' lang='lat' dir='ltr'><strong>hieraua</strong></span> <span class='ocrx_word' id='word_1_385' title='bbox 847 4942 953 5012; x_wconf 81' lang='lat' dir='ltr'><strong>hervor,</strong></span> <span class='ocrx_word' id='word_1_386' title='bbox 974 4943 1039 4998; x_wconf 82' lang='lat' dir='ltr'><strong>dans</strong></span> <span class='ocrx_word' id='word_1_387' title='bbox 1060 4942 1105 4998; x_wconf 87' lang='lat' dir='ltr'><strong>dia</strong></span> <span class='ocrx_word' id='word_1_388' title='bbox 1123 4941 1343 4998; x_wconf 81' lang='lat' dir='ltr'><strong>voranstahande</strong></span> <span class='ocrx_word' id='word_1_389' title='bbox 1357 4958 1429 4998; x_wconf 88' lang='lat' dir='ltr'><strong>nene</strong></span> <span class='ocrx_word' id='word_1_390' title='bbox 1446 4937 1685 5002; x_wconf 55' lang='lat' dir='ltr'><strong>assumeretur</strong></span> 
     </span>
     <span class='ocr_line' id='line_1_41' title="bbox 303 5019 1684 5101; baseline 0.005 -23"><span class='ocrx_word' id='word_1_391' title='bbox 303 5042 352 5080; x_wconf 85' lang='lat' dir='ltr'><strong>vor</strong></span> <span class='ocrx_word' id='word_1_392' title='bbox 376 5025 429 5081; x_wconf 90' lang='lat' dir='ltr'><strong>den</strong></span> <span class='ocrx_word' id='word_1_393' title='bbox 448 5025 557 5097; x_wconf 74' lang='lat' dir='ltr'><strong>Beginn</strong></span> <span class='ocrx_word' id='word_1_394' title='bbox 579 5027 628 5081; x_wconf 91' lang='lat' dir='ltr'><strong>des</strong></span> <span class='ocrx_word' id='word_1_395' title='bbox 651 5026 916 5083; x_wconf 83' lang='lat' dir='ltr'><strong>Summerscmeatera</strong></span> <span class='ocrx_word' id='word_1_396' title='bbox 942 5033 1003 5087; x_wconf 80' lang='lat'><strong>1437</strong></span> <span class='ocrx_word' id='word_1_397' title='bbox 1027 5025 1096 5083; x_wconf 74' lang='lat' dir='ltr'><strong>faut</strong></span> <span class='ocrx_word' id='word_1_398' title='bbox 1132 5024 1215 5080; x_wconf 89' lang='lat' dir='ltr'><strong>Auch</strong></span> <span class='ocrx_word' id='word_1_399' title='bbox 1239 5025 1347 5082; x_wconf 86' lang='lat' dir='ltr'><strong>scheint</strong></span> <span class='ocrx_word' id='word_1_400' title='bbox 1369 5025 1415 5082; x_wconf 91' lang='lat' dir='ltr'><strong>die</strong></span> <span class='ocrx_word' id='word_1_401' title='bbox 1438 5026 1532 5101; x_wconf 81' lang='lat' dir='ltr'><strong>Haud,</strong></span> <span class='ocrx_word' id='word_1_402' title='bbox 1554 5025 1641 5085; x_wconf 70' lang='lat' dir='ltr'><strong>rade</strong></span> <span class='ocrx_word' id='word_1_403' title='bbox 1657 5019 1684 5073; x_wconf 60' lang='lat'><strong>⁸1⁸</strong></span> 
     </span>
     <span class='ocr_line' id='line_1_42' title="bbox 302 5107 1510 5183; baseline 0.006 -22"><span class='ocrx_word' id='word_1_404' title='bbox 302 5107 510 5181; x_wconf 83' lang='lat' dir='ltr'><strong>niederscbrieb,</strong></span> <span class='ocrx_word' id='word_1_405' title='bbox 526 5110 570 5164; x_wconf 89' lang='lat' dir='ltr'><strong>die</strong></span> <span class='ocrx_word' id='word_1_406' title='bbox 588 5110 636 5165; x_wconf 85' lang='lat' dir='ltr'><strong>des</strong></span> <span class='ocrx_word' id='word_1_407' title='bbox 653 5110 794 5166; x_wconf 85' lang='lat' dir='ltr'><strong>Hermann</strong></span> <span class='ocrx_word' id='word_1_408' title='bbox 811 5111 845 5167; x_wconf 89' lang='lat' dir='ltr'><strong>dc</strong></span> <span class='ocrx_word' id='word_1_409' title='bbox 863 5111 1003 5183; x_wconf 76' lang='lat' dir='ltr'><strong>Heltpurg</strong></span> <span class='ocrx_word' id='word_1_410' title='bbox 1019 5129 1055 5167; x_wconf 83' lang='lat' dir='ltr'><strong>zu</strong></span> <span class='ocrx_word' id='word_1_411' title='bbox 1073 5108 1138 5180; x_wconf 85' lang='lat' dir='ltr'><strong>sein,</strong></span> <span class='ocrx_word' id='word_1_412' title='bbox 1157 5110 1208 5165; x_wconf 83' lang='lat' dir='ltr'><strong>den</strong></span> <span class='ocrx_word' id='word_1_413' title='bbox 1224 5114 1310 5167; x_wconf 71' lang='lat' dir='ltr'><strong>laath</strong></span> <span class='ocrx_word' id='word_1_414' title='bbox 1327 5109 1428 5167; x_wconf 87' lang='lat' dir='ltr'><strong>Decau</strong></span> <span class='ocrx_word' id='word_1_415' title='bbox 1445 5128 1510 5182; x_wconf 75' lang='lat' dir='ltr'><strong>war.</strong></span> 
     </span>
    </p>
   </div>
   <div class='ocr_carea' id='block_1_10' title="bbox 0 0 1882 6150">
    <p class='ocr_par' dir='ltr' id='par_1_15' title="bbox 0 0 1882 6150">
     <span class='ocr_line' id='line_1_43' title="bbox 0 0 1882 6150; baseline 0 0"><span class='ocrx_word' id='word_1_416' title='bbox 0 0 1882 6150; x_wconf 95' lang='lat' dir='ltr'><strong> </strong></span> 
     </span>
    </p>
   </div>
  </div>
 </body>
</html>
