3756 6158
355 428 416 491 024
869 426 919 474 Dte
937 424 1123 475 medicloicche
1139 424 1268 477 Faculttt.

360 602 552 669 doctoresve
572 603 787 691 appellentur,
813 628 924 671 eorum
944 607 1164 692 unusquisque
1191 602 1339 691 publicos
1364 605 1530 671 ministros
1560 606 1784 671 universitatis

359 713 489 768 nostrae
505 711 562 767 ant
582 704 846 795 convenientibus
866 706 1011 770 vestibus
1033 704 1177 786 donabit,
1199 716 1263 786 ant,
1284 706 1312 768 si
1334 705 1513 790 pecuniam,
1537 715 1574 769 ut
1594 707 1661 792 ipsi
1680 718 1783 771 vestes

268 818 277 835 ··
362 812 566 889 comparent,
599 801 679 866 dare
717 802 880 887 maluerit,
919 827 981 868 non
1019 805 1143 883 minus,
1179 826 1276 891 quam
1312 813 1466 891 quantmn
1500 802 1609 869 florini
1645 805 1782 892 quinque

262 950 266 959 .
359 923 512 967 renenses
535 900 680 984 valeant,
712 901 774 967 illis
803 915 958 967 numeret.
1009 902 1077 989 Ipsi
1099 916 1211 968 contra
1231 904 1371 968 ministri
1398 901 1520 989 publici
1541 902 1733 969 cathedram
1751 918 1779 968 et

317 1012 332 1067 5
360 999 514 1066 subsellia
536 1002 603 1065 suis
624 1000 782 1065 sumtibus
804 1002 951 1088 diligenti
973 1025 1073 1088 opera
1094 1012 1244 1068 extruere
1264 1016 1296 1067 et
1315 1024 1475 1067 exornare
1497 1000 1672 1067 debebunt.

447 1099 511 1166 Sed
541 1123 613 1165 cum
640 1110 775 1188 propter
805 1100 974 1187 praedicta
1003 1100 1161 1167 dissensio
1183 1112 1298 1167 exorta
1322 1113 1422 1183 esset,
1444 1124 1520 1165 num
1543 1124 1603 1188 per
1626 1102 1782 1169 florenum

360 1222 527 1265 renensem
544 1223 661 1265 aureus
680 1201 713 1264 in
730 1212 858 1265 moneta
874 1200 1092 1266 numerandus
1116 1204 1166 1283 sit,
1189 1211 1222 1266 et
1242 1223 1314 1266 cum
1335 1201 1504 1287 iureperiti
1523 1223 1640 1267 aurum
1653 1198 1719 1290 [20]
1734 1204 1781 1267 vel

363 1298 505 1365 valorem
528 1301 600 1364 auri
621 1310 792 1365 numerant
798 1349 807 1382 ,
838 1299 1001 1364 decretum
1029 1311 1092 1381 est,
1122 1310 1154 1365 et
1183 1300 1244 1365 hcc
1268 1298 1463 1365 famulorum
1490 1321 1670 1384 consensu,
1697 1301 1781 1389 quod

364 1398 500 1485 posthac
523 1401 555 1462 in
578 1398 703 1463 medica
725 1400 925 1485 promotione
947 1398 1067 1464 talerus
1089 1421 1149 1485 pro
1171 1399 1293 1464 floreno
1315 1404 1347 1462 in
1370 1422 1449 1464 auro
1470 1403 1635 1465 numerari
1658 1399 1781 1466 debeat.

321 1555 352 1610 ιο
695 1548 782 1614 VIII.
806 1546 915 1636 [sm]
944 1567 989 1612 on
1013 1566 1268 1614 msrursmons
1290 1566 1448 1613 ruamus.

444 1663 586 1730 Decreta
607 1688 662 1729 seu
684 1667 921 1751 propositiones
950 1665 1203 1752 disputationum
1215 1715 1224 1747 ,
1251 1667 1441 1752 prinsquam
1471 1665 1563 1752 prelo
1589 1666 1780 1749 subdantur,

363 1761 405 1826 ad
428 1785 594 1828 censuram
618 1764 732 1828 decani
754 1765 945 1828 referantur.

443 1861 575 1927 Eidem¹
597 1874 668 1928 ecto
687 1863 756 1928 dies
771 1874 845 1927 ante
866 1863 1115 1949 disputationem
1139 1863 1323 1928 doctoribus
1345 1874 1376 1927 et
1396 1861 1575 1928 scolasticis
1596 1886 1657 1952 per
1679 1866 1781 1928 famu·

362 1959 410 2024 los
439 1963 660 2026 universitatis
682 1961 916 2027 distribuantur
945 1974 976 2026 et
997 1962 1156 2027 theatrum
1186 1963 1227 2026 ab
1259 1964 1339 2049 ipsis
1367 1973 1565 2048 expurgetur
1593 1985 1634 2027 ac
1663 1964 1781 2049 tapetis

322 2070 352 2124 ts
362 2059 549 2127 adornetur·
558 2072 590 2125 et
610 2073 676 2125 toto
699 2061 928 2147 disputationis
952 2073 1096 2148 tempore
1118 2085 1176 2127 suo
1199 2062 1303 2125 officio
1324 2071 1445 2125 attente
1465 2063 1652 2147 fungantur.

445 2157 635 2246 QuIcunque
664 2158 826 2224 scolastici
853 2159 903 2224 vel
932 2160 1136 2225 baccalaurei
1166 2160 1275 2225 titulos
1306 2160 1462 2225 honorum
1491 2161 1576 2224 ferre
1603 2161 1695 2247 apud
1725 2184 1781 2225 uos

365 2261 510 2346 cupiunt,
530 2281 682 2322 unacum
699 2259 850 2344 praeside
871 2258 913 2323 ub
934 2260 1024 2323 initio
1046 2259 1088 2324 ad
1108 2270 1306 2346 postremum
1329 2281 1429 2343 usque
1451 2259 1665 2345 disputationi
1687 2264 1781 2324 inter·

366 2361 439 2442 sint,
459 2382 499 2422 ne
514 2381 647 2444 praeses
664 2357 778 2423 surdos
790 2360 931 2444 parietes
948 2361 1046 2422 ferire
1064 2359 1213 2423 videatur
1234 2369 1266 2422 et
1288 2381 1328 2423 ne
1349 2360 1396 2422 sic
1418 2358 1663 2425 scolasticorum
1687 2358 1783 2446 culpa

363 2457 551 2544 disputandi
573 2480 688 2521 munus
710 2469 849 2522 corruat.

321 2566 356 2623 20
445 2556 588 2622 Studiosi
610 2556 790 2622 medicinae
810 2559 893 2621 inter
920 2555 1150 2642 disputandum
1181 2569 1267 2622 certo
1294 2556 1364 2622 loco
1396 2557 1529 2623 sedeant
1549 2558 1584 2621 in
1608 2572 1782 2648 conspectu

362 2659 520 2740 omnium,
544 2655 601 2721 sed
622 2657 820 2720 medicorum
842 2656 1007 2741 inprimis,
1029 2667 1082 2737 ut,
1105 2678 1202 2742 quam
1229 2659 1336 2742 parati
1363 2669 1394 2720 et
1421 2659 1569 2721 instructi
1600 2658 1642 2723 ad
1672 2660 1782 2746 dispu-

367 2758 520 2820 tationem
545 2760 675 2820 veniant
702 2770 733 2820 et
760 2768 913 2842 quantum
944 2756 1159 2841 profecerint,
1191 2767 1247 2819 aut
1270 2746 1346 2842 'qua
1379 2758 1508 2821 omnino
1532 2779 1592 2843 spe
1614 2769 1782 2823 versentur

366 2853 429 2942 [22]
452 2858 485 2919 in
505 2854 566 2919 bac
588 2855 708 2936 schola,
734 2854 856 2941 liquido
881 2857 1031 2940 cognosci
1054 2867 1085 2917 et
1105 2853 1243 2918 iudicari
1263 2857 1375 2941 possit

443 2955 516 3018 Hoc
537 2955 700 3019 decretum
722 2956 749 3018 si
771 2956 842 3040 quis
864 2956 1093 3040 contempserit
1121 2966 1153 3017 et
1177 2954 1284 3018 faeere
1314 2952 1509 3038 neglexerit,
1538 2956 1567 3018 is
1588 2977 1649 3020 nec
1673 2956 1781 3043 dispu-

322 3058 462 3122 25tantis
484 3056 661 3140 praemium
684 3056 765 3118 feret
786 3076 846 3118 nec
867 3052 909 3117 ad
930 3052 1086 3118 honorum
1107 3055 1279 3137 petitiones
1298 3052 1494 3117 admittetur.

448 3152 644 3218 Scolasticus
666 3152 710 3216 ad
733 3151 997 3216 baccalaureatus
1025 3152 1163 3238 gradum
1191 3174 1255 3217 non
1282 3150 1485 3233 admittatur,
1516 3155 1578 3217 nisi
1611 3157 1720 3218 sexies
1742 3155 1780 3218 ad

368 3256 533 3321 minimum
563 3254 597 3316 in
626 3251 899 3338 disputationibus
926 3253 1116 3338 apparuerit
1143 3273 1198 3333 ac,
1227 3274 1298 3315 eum
1327 3250 1422 3314 datur
1445 3254 1555 3338 copia,
1585 3255 1659 3339 ipse
1689 3257 1781 3318 etiam

367 3353 590 3439 disputaverit

446 3452 502 3516 Sic
513 3453 608 3515 etiam
625 3454 784 3515 sancitum
797 3463 854 3532 est,
875 3473 915 3514 ne
928 3451 978 3515 cui
996 3449 1207 3514 baccalaureo
1220 3450 1349 3513 licentia
1360 3449 1499 3514 adeundi
1520 3450 1562 3513 ad
1587 3451 1780 3516 doctoralem

324 3551 598 3618 30sublimitatem
626 3555 824 3632 conferatur,
852 3551 915 3613 nisi
943 3550 1053 3613 itidem
1083 3552 1188 3614 sexies
1220 3573 1261 3613 ex
1287 3549 1413 3613 medica
1443 3549 1522 3614 sella
1549 3553 1649 3626 (siin
1675 3554 1781 3638 spacio

367 3673 483 3737 nempe
502 3649 723 3735 completionis
744 3659 791 3712 tot
813 3648 1047 3735 disputationes
1069 3648 1250 3712 celebratae
1271 3650 1403 3723 l'uerint)
1426 3648 1652 3734 disputaverit.

448 3751 600 3814 Decanus
617 3748 656 3812 de
675 3747 809 3833 singulis
827 3746 1099 3834 disputationibus
1117 3749 1320 3834 cathalogum
1343 3748 1577 3834 disputantium
1601 3762 1633 3813 et
1655 3773 1782 3836 respon·

368 3852 509 3914 ‹letitium
538 3871 557 3910 a
583 3847 702 3910 famulo
728 3850 947 3937 universitatis
970 3850 1079 3932 exigat
1112 3860 1143 3912 et
1165 3850 1196 3911 in
1212 3848 1380 3913 ¹t'aeultatis
1406 3848 1545 3912 indicem
1576 3849 1722 3935 redigat,
1751 3865 1783 3912 ut

366 3954 519 4036 cuiusque
540 3950 655 4011 merita
676 3946 751 4010 inde
773 3956 961 4033 appareant.

325 4060 358 4115 ³⁵
452 4046 498 4134 [S.
516 4045 567 4133 23]
598 4049 633 4110 δί
655 4048 823 4132 quisquam
843 4047 923 4110 haec
944 4059 975 4110 et
996 4046 1060 4110 alia
1088 4053 1193 4133 (quae,
1216 4058 1250 4110 ut
1271 4070 1323 4111 res
1345 4048 1471 4111 medica
1493 4048 1687 4130 efflorescat,
1714 4072 1782 4113 con-

367 4151 477 4213 stituta
499 4144 586 4232 sunt)
608 4145 794 4231 despexerit
815 4157 847 4209 et
868 4145 932 4210 alio
953 4169 988 4210 se
1009 4146 1179 4230 contulerit
1196 4158 1227 4209 et
1247 4146 1399 4211 corollam
1415 4151 1605 4234 susceperit,
1622 4148 1782 4213 decretum

368 4260 433 4331 est,
456 4259 491 4311 ut
511 4268 572 4332 par
593 4250 666 4331 pari
688 4247 855 4326 referatur,
876 4268 916 4308 ue
943 4268 1083 4331 unquam
1106 4245 1158 4309 hic
1181 4246 1269 4332 apud
1290 4268 1349 4311 nos
1371 4248 1405 4311 in
1425 4270 1595 4312 numerum
1619 4248 1782 4312 doctorum

369 4358 425 4412 aut
445 4346 630 4410 laecdtatem
650 4345 848 4408 medicorum
868 4347 1070 4431 recipiatur.²

535 4496 591 4560 IX.
621 4513 667 4558 os
695 4512 943 4559 suonuumims
965 4512 1208 4560 Psenerosuu
1229 4515 1273 4561 ur
1297 4514 1620 4563 eoncuouorosun.

326 4625 360 4681 40
450 4614 515 4678 Pro
543 4613 658 4676 maiori
685 4612 858 4676 concordia
886 4612 1047 4677 facultatis
1075 4612 1219 4676 medicae
1246 4613 1450 4679 observatum
1474 4624 1505 4679 et
1527 4638 1656 4702 semper
1679 4617 1782 4680 obser-

369 4714 511 4778 vandum
546 4712 666 4798 placet,
697 4724 730 4775 ut
757 4713 850 4774 iuxta
876 4711 1021 4776 ordinem
1049 4712 1214 4775 doctorum
1243 4713 1282 4777 de
1311 4713 1444 4779 consilio
1472 4713 1636 4780 facultatis
1674 4717 1782 4780 bacca·

370 4812 619 4879 laureandorum
642 4825 674 4874 et
693 4809 960 4875 licentranderum
983 4821 1148 4898 promotor
1175 4812 1360 4898 designetur
1388 4824 1420 4878 et
1449 4816 1524 4896 liat,
1554 4826 1652 4900 atque
1674 4818 1701 4880 is
1725 4838 1783 4903 pro

456 5022 466 5068 l
488 5015 525 5068 So
543 5012 616 5067 steht
634 5010 819 5081 gesebricben.

454 5103 468 5152 2
488 5100 540 5150 Am
561 5098 669 5151 lluude:
690 5097 768 5149 Haec
783 5098 960 5167 precsmu'pte
978 5106 1006 5150 ut
1019 5099 1197 5168 praecedeuti
1215 5098 1464 5153 cereostatorum
1483 5103 1645 5169 corfirmcta
1662 5109 1730 5156 sord.
