3756 6158
747 508 797 561 Die
815 511 933 560 Ststuterr
954 524 1013 558 vom
1031 507 1114 560 Jahre
1133 515 1196 559 1410

670 694 697 758 8.
730 709 777 755 nn
800 707 1058 757 rmusmcrroun
1080 694 1282 757 sacroms.¹

347 825 611 891 Iurisdiccionem
639 824 835 889 ordinariam
863 835 968 890 rector
994 823 1128 890 habebit
1150 826 1184 888 in
1204 824 1314 890 omnia
1336 825 1504 911 supposita
1525 826 1683 890 universi·

266 927 343 990 tatis
364 926 398 988 in
420 926 527 990 causis
549 923 699 988 civilibus
722 933 755 988 et
774 925 973 989 iniuriarum.
1015 925 1096 989 Item
1117 934 1223 988 rector
1243 924 1426 987 summatim
1448 933 1480 988 et
1495 925 1565 989 sine
1578 924 1685 1010 figura

266 1037 297 1090 et
325 1027 394 1089 sine
426 1027 563 1111 strepitu
590 1023 701 1088 iudicii
729 1034 904 1109 cognoscat
930 1046 1063 1108 causas,
1091 1034 1124 1088 et
1141 1024 1227 1087 infra
1249 1032 1322 1087 octo
1342 1023 1413 1088 dies
1435 1021 1532 1088 debet
1553 1047 1685 1090 eausam

238 1124 402 1189 iduorum
424 1147 612 1209 grossorum
634 1132 666 1188 et
686 1123 771 1186 infra
791 1121 951 1188 decidere.
993 1121 1037 1186 Et
1051 1123 1078 1187 si
1090 1123 1267 1187 necessitas
1282 1124 1436 1208 requirat,
1457 1133 1565 1209 potest
1578 1133 1686 1190 rector

267 1225 300 1288 iu
323 1226 429 1288 causis
451 1224 622 1288 scolarium
645 1222 821 1311 procedere
842 1220 984 1307 quolibet
1004 1231 1149 1309 tempore
1169 1222 1331 1288 seriarum.
1372 1222 1454 1287 Item
1467 1243 1533 1287 non
1548 1232 1687 1310 possunt

267 1325 489 1389 universitatis
518 1321 663 1387 membra
692 1323 828 1387 rectoris
855 1320 1008 1386 iudicium
1035 1319 1275 1408 quomodolibet
1300 1319 1474 1386 declinare.
1513 1320 1550 1386 si
1580 1331 1687 1387 autem

266 1446 406 1511 persona
434 1425 467 1487 in
495 1421 649 1487 iudicium
676 1431 782 1486 tracta
811 1422 982 1503 iuraverit,
1012 1442 1054 1485 ex
1081 1430 1170 1486 certa
1200 1443 1301 1485 eausa
1329 1443 1364 1485 se
1385 1430 1543 1485 rectorem
1565 1419 1686 1489 habere

264 1533 465 1611 suspectum,
495 1543 626 1587 eausam
653 1521 846 1608 suspicionis
873 1516 938 1607 [Ἱῦ]
967 1521 1146 1607 exprimat,
1175 1522 1331 1606 praestito
1352 1522 1550 1605 iuramento,
1578 1528 1611 1585 et
1630 1542 1685 1587 ex·

226 1632 342 1688 10tunc
371 1632 479 1688 rector
508 1643 641 1687 causam
669 1620 884 1707 principalem
909 1619 1035 1706 deleget
1056 1642 1215 1707 personae
1233 1642 1298 1686 non
1319 1630 1503 1707 suspectae,
1532 1642 1618 1706 quae
1645 1621 1694 1705 sit

264 1720 444 1787 membrum
466 1721 702 1803 universitatis,
724 1742 781 1785 seu
802 1719 920 1806 aliquis
941 1721 1119 1785 vicerector
1139 1719 1248 1803 detur,
1268 1721 1323 1805 qui
1344 1719 1385 1784 de
1407 1740 1506 1785 causa
1526 1720 1686 1807 suspicio·

264 1823 315 1887 nis
343 1820 464 1887 iudicet
492 1830 523 1885 et
552 1821 658 1906 ipsam
686 1816 826 1884 diffiniat
851 1818 936 1884 infra
957 1827 1029 1885 octo
1051 1819 1121 1884 dies
1142 1841 1215 1884 cum
1236 1819 1431 1885 consiliariis
1452 1818 1686 1884 universitatis.

265 1922 341 2002 Qua
362 1919 502 2008 probata
522 1920 702 1985 vicerector
722 1917 810 1984 idem
831 1919 872 1983 de
891 1917 1065 2006 principali
1085 1941 1185 1984 causa
1205 1929 1398 2006 cognoscat3
1420 1916 1477 1983 illa
1498 1927 1608 1998 autem
1621 1940 1687 1984 uon

266 2020 422 2108 probata,
462 2020 607 2085 remittat
640 2020 819 2091 vicerector
850 2018 941 2084 illam
979 2040 1110 2083 causam
1142 2018 1185 2083 ad
1215 2018 1356 2084 iudicem
1381 2027 1567 2084 recusatum
1594 2019 1617 2082 i.
1643 2017 1687 2083 sd

224 2129 434 2184 ttrectorem.
476 2120 556 2183 ltem
576 2140 641 2182 non
663 2128 770 2204 potest
789 2118 905 2204 aliquis
926 2116 1106 2183 intitulatus
1125 2119 1330 2183 universitati
1351 2127 1480 2183 nostrae
1502 2140 1543 2183 ac
1559 2120 1685 2183 iuratus

265 2219 364 2284 alium
386 2218 582 2283 intitulatum
602 2218 732 2282 trahere
752 2220 786 2282 in
806 2217 961 2283 iudicium
980 2218 1044 2281 nisi
1066 2227 1140 2283 ante
1161 2227 1319 2283 rectorem
1340 2218 1573 2284 rmiversitatr‘s.

401 2389 429 2451 9.
461 2402 507 2448 AD
531 2401 615 2462 QUID
638 2400 848 2448 TENEANTUR
868 2400 1020 2449 BECTORI
1041 2399 1230 2449 SUPPOSITA
1252 2385 1547 2450 UNIVEBSITATIS·²

346 2517 495 2585 Rectoris
516 2515 822 2599 convocacionibus,
851 2516 1064 2583 citacionibus
1090 2526 1123 2581 et
1148 2516 1344 2583 iudiciorum
1365 2519 1537 2583 sentenciis
1558 2527 1591 2583 et
1613 2541 1686 2585 con·

267 2616 408 2682 cordatis
429 2627 526 2704 atque
547 2615 710 2682 mandatis
731 2614 984 2682 racionabilibus
1007 2617 1116 2681 omnia
1136 2617 1357 2685 universitatis
1371 2617 1518 2684 membra
1537 2627 1687 2685 tenentur

223 2717 410 2783 200bedire.
453 2716 497 2780 Et
518 2716 546 2780 si
567 2717 640 2803 quis
662 2725 834 2803 gravatum
856 2737 890 2780 se
910 2717 1126 2801 reputaverit,
1148 2717 1368 2782 universitatis
1390 2716 1549 2783 auxilium
1570 2717 1684 2807 imple

264 2826 314 2882 ret
336 2839 433 2904 super
455 2816 520 2881 illo.
561 2815 644 2880 Item
667 2817 785 2880 citatus
807 2817 940 2897 iterato,
964 2817 992 2880 si
1015 2824 1188 2881 contumax
1208 2815 1320 2899 fuerit,
1349 2817 1452 2882 solvet
1472 2840 1573 2882 unum
1593 2840 1685 2904 gros·

264 2940 354 2999 sum3
393 2918 421 2981 si
450 2917 569 2998 tercio,
598 2915 700 2980 solvet
727 2922 746 2982 2
774 2939 837 3001 gr.;
865 2916 893 2980 si
923 2922 1038 3003 quarto
1067 2910 1150 3002 [8·]‚
1177 2915 1212 2978 in
1240 2914 1345 2981 tribus
1370 2919 1494 3001 grossis
1523 2918 1687 3004 puniatur.

261 3015 374 3081 Potest
395 3025 503 3080 tamen
524 3023 630 3079 rector
652 3014 827 3079 secundum
854 3014 1056 3100 exigenciam
1079 3036 1197 3079 causae
1217 3016 1251 3079 in
1273 3015 1485 3081 citecionibus
1506 3039 1607 3082 unum
1624 3027 1686 3082 ter-

263 3117 384 3180 minum
405 3114 657 3201 peremptorium
679 3136 739 3200 pro
760 3114 908 3179 omnibus
929 3112 993 3177 illis
1015 3111 1182 3199 deputare.
1226 3112 1322 3194 Quod
1344 3117 1372 3179 si
1393 3138 1453 3181 nec
1474 3114 1584 3183 adhue
1603 3138 1686 3183 eom·

221 3225 383 3301 25parere
404 3213 559 3296 voluerit,
579 3211 632 3275 vel
655 3214 847 3277 sententiam
869 3223 983 3278 contra
1005 3234 1040 3276 se
1060 3211 1159 3277 latam
1182 3234 1314 3277 servare
1338 3216 1514 3301 spreverit,
1537 3214 1577 3280 de
1599 3237 1685 3282 oom-

264 3315 353 3379 muni
376 3312 510 3378 consilio
532 3335 553 3377 a
572 3311 768 3377 leccionibus
789 3334 848 3398 per
871 3312 1115 3398 suspensionem
1135 3310 1300 3399 publicam
1323 3313 1508 3380 huiusmodi
1529 3312 1682 3381 excluda-

262 3425 324 3480 tur.
367 3412 463 3493 Quod
485 3413 513 3477 si
534 3433 594 3476 nec
614 3410 702 3476 illam
724 3433 862 3497 poenam
883 3412 1054 3494 curaverit,
1073 3409 1130 3475 sed
1145 3433 1204 3498 per
1222 3411 1463 3499 quindenamin
1479 3415 1685 3480 contumacia

263 3537 322 3579 sua
350 3513 566 3600 permanserit
591 3509 779 3592 induratus,
808 3521 939 3593 extunc,
967 3510 1065 3574 trium
1086 3509 1211 3575 dierum
1233 3513 1413 3578 monicione
1434 3513 1634 3599 praemissa,
1661 3535 1683 3578 a

263 3623 389 3678 rectore
409 3614 443 3675 in
466 3611 721 3696 congregacione
742 3610 976 3691 universitatis,
999 3607 1123 3674 adhoc
1144 3610 1240 3693 facta,
1263 3610 1337 3675 talis
1359 3634 1380 3676 a
1400 3633 1537 3697 corpore
1556 3613 1686 3679 univer·

221 3724 255 3779 30
265 3714 369 3779 sitatis
397 3722 562 3797 tamquam
590 3707 770 3773 membrum
798 3708 962 3795 putridum
990 3708 1207 3792 rescindatur,
1243 3719 1275 3774 et
1307 3710 1492 3778 inhibeatur
1524 3712 1685 3778 universis

268 3811 453 3899 suppositis,
475 3832 516 3873 ne
537 3831 609 3873 euru
630 3807 688 3872 tali
709 3806 949 3895 quomodolibet
965 3817 1195 3873 conversentur
1216 3809 1250 3873 in
1273 3810 1399 3875 actibus
1421 3810 1601 3877 scolasticis
1621 3821 1686 3877 tam

265 3911 405 4000 publicis
433 3932 528 3997 quam
557 3908 703 3994 privatis.
744 3905 854 3973 Debet
879 3918 987 3972 tamen
1014 3916 1120 3973 rector
1148 3908 1182 3971 in
1207 3928 1306 3974 causa
1327 3910 1464 3975 multum
1485 3911 1591 3977 ardua
1611 3934 1683 3999 pro

264 4011 378 4076 cedere
404 4011 438 4073 in
466 4008 586 4073 iudicio
608 4006 804 4072 consiliariis
825 4005 888 4073 sibi
909 4006 1135 4072 assistentibus
1157 4006 1335 4073 secundum
1355 4007 1587 4076 diffinicionem
1610 4033 1683 4077 con·

262 4111 325 4176 silii
346 4108 569 4174 universitatis
590 4107 682 4171 iuxta
702 4105 834 4171 modum
858 4107 945 4172 infra
965 4107 1123 4194 scriptum
1144 4107 1178 4171 in
1198 4105 1262 4171 fine
1282 4108 1443 4177 undecimi
1463 4112 1587 4177 statuti.
1648 4100 1652 4105 ⁵

219 4222 253 4278 35
345 4208 450 4274 Item³
475 4216 583 4272 rector
610 4214 736 4270 tenetur
763 4206 871 4272 facere
900 4204 1006 4271 modis
1028 4206 1146 4292 quibus
1168 4216 1287 4294 potest,
1316 4207 1403 4295 quod
1425 4232 1536 4275 omnes
1559 4232 1595 4275 se
1616 4205 1683 4299 [Sl]

261 4333 321 4399 pro
345 4306 547 4374 studentibus
568 4316 716 4391 gerentes
738 4314 770 4370 ct
797 4328 907 4372 omnes
931 4305 1107 4372 familiares
1128 4328 1238 4371 eorum
1259 4329 1299 4371 ac
1320 4330 1430 4374 omnes
1453 4307 1596 4389 librarii,
1622 4320 1684 4375 sta·

262 4409 416 4490 cionarii,
446 4406 661 4494 pergamenii,
691 4407 882 4494 scriptores,
911 4405 1161 4490 illuminatores,
1189 4416 1406 4501 correctores,
1428 4430 1560 4475 rasores
1582 4417 1684 4475 carta·

265 4533 334 4575 rum
357 4518 389 4573 et
408 4507 565 4573 librorum
587 4504 740 4590 ligatores
761 4515 795 4571 et
815 4504 990 4571 eorumdem
1011 4505 1196 4571 venditores
1218 4516 1250 4571 et
1271 4528 1395 4609 omnes,
1412 4510 1469 4595 qui
1490 4510 1606 4575 vivunt
1625 4531 1685 4625 per

265 4610 508 4675 universitatem
538 4615 569 4669 et
597 4627 706 4670 eorum
728 4605 884 4690 scolares,
914 4604 1036 4672 subditi
1058 4606 1123 4670 sint
1143 4607 1262 4672 rectori
1283 4616 1315 4671 et
1333 4590 1440 4673 iurent
1460 4609 1565 4674 eidem
1587 4608 1649 4674 et
1638 4631 1684 4675 rn-

331 4858 415 4913 lAm
433 4854 531 4910 Raude
548 4853 662 4921 deputer,
683 4852 753 4907 doch
771 4871 825 4908 rou
843 4854 971 4922 auderet,
996 4857 1159 4924 spdterer
1174 4855 1271 4924 Hand,
1287 4855 1338 4911 vie
1356 4838 1412 4911 elle
1426 4855 1583 4928 folgenden.
1622 4856 1683 4912 Du

262 4941 345 4997 Wort
368 4941 404 4994 ist
427 4939 556 4994 meistens
581 4953 652 5007 ganz
676 4936 831 5007 sbgelriirat
855 4937 1033 5008 geschrieben
1052 4938 1135 5008 (les),
1157 4957 1187 4995 so
1210 4941 1274 4993 dass
1299 4941 1357 4995 sich
1381 4939 1460 4995 nicht
1476 4941 1591 4996 ersehen
1608 4941 1682 5008 urst

261 5026 298 5081 ob
320 5026 444 5101 leputar
452 5024 518 5078 oder
542 5021 644 5088 lepetur
660 5021 782 5089 gemeint
800 5022 854 5090 sei,
878 5022 945 5076 aber
961 5039 998 5076 an
1019 5027 1035 5076 2
1053 5023 1156 5078 Stellen
1173 5028 1266 5135 spiiter
1282 5023 1330 5080 bat
1347 5024 1467 5080 disselbe
1485 5025 1570 5080 Haud
1589 5041 1683 5096 susge

262 5084 536 5250 echn'gbglllnffie
551 5188 659 5258 leqctur.
827 5192 841 5242 3
860 5188 914 5242 Am
931 5188 1029 5245 Raude
1046 5207 1103 5244 aorr
1118 5189 1226 5261 leam.
