<?xml version="1.0" encoding="UTF-8"?>
<!DOCTYPE html PUBLIC "-//W3C//DTD XHTML 1.0 Transitional//EN"
    "http://www.w3.org/TR/xhtml1/DTD/xhtml1-transitional.dtd">
<html xmlns="http://www.w3.org/1999/xhtml" xml:lang="en" lang="en">
 <head>
  <title>
</title>
<meta http-equiv="Content-Type" content="text/html;charset=utf-8" />
  <meta name='ocr-system' content='tesseract 3.04.00' />
  <meta name='ocr-capabilities' content='ocr_page ocr_carea ocr_par ocr_line ocrx_word'/>
</head>
<body>
  <div class='ocr_page' id='page_1' title='image "./diestatutenbche00univgoog_0495.png"; bbox 0 0 3756 6158; ppageno 0'>
   <div class='ocr_carea' id='block_1_1' title="bbox 248 481 1176 556">
    <p class='ocr_par' dir='ltr' id='par_1_1' title="bbox 248 481 1176 556">
     <span class='ocr_line' id='line_1_1' title="bbox 248 481 1176 556; baseline -0.003 -11"><span class='ocrx_word' id='word_1_1' title='bbox 248 481 308 547; x_wconf 83' lang='grc'><strong>476</strong></span> <span class='ocrx_word' id='word_1_2' title='bbox 739 492 790 542; x_wconf 87' lang='lat' dir='ltr'><strong>Die</strong></span> <span class='ocrx_word' id='word_1_3' title='bbox 808 491 1027 556; x_wconf 84' lang='lat' dir='ltr'><strong>philosophiache</strong></span> <span class='ocrx_word' id='word_1_4' title='bbox 1048 493 1176 543; x_wconf 72' lang='lat' dir='ltr'><strong>securata</strong></span> 
     </span>
    </p>
   </div>
   <div class='ocr_carea' id='block_1_2' title="bbox 247 666 1672 862">
    <p class='ocr_par' dir='ltr' id='par_1_2' title="bbox 247 666 1672 862">
     <span class='ocr_line' id='line_1_2' title="bbox 248 666 1672 764; baseline 0.009 -34"><span class='ocrx_word' id='word_1_5' title='bbox 248 666 306 730; x_wconf 88' lang='lat' dir='ltr'><strong>riis</strong></span> <span class='ocrx_word' id='word_1_6' title='bbox 324 668 552 754; x_wconf 89' lang='lat' dir='ltr'><strong>magistrorum</strong></span> <span class='ocrx_word' id='word_1_7' title='bbox 568 672 766 738; x_wconf 86' lang='lat' dir='ltr'><strong>interfuerit¹</strong></span> <span class='ocrx_word' id='word_1_8' title='bbox 787 682 854 739; x_wconf 91' lang='lat' dir='ltr'><strong>tam</strong></span> <span class='ocrx_word' id='word_1_9' title='bbox 869 674 935 756; x_wconf 91' lang='lat' dir='ltr'><strong>diu,</strong></span> <span class='ocrx_word' id='word_1_10' title='bbox 958 673 1061 741; x_wconf 89' lang='lat' dir='ltr'><strong>donec</strong></span> <span class='ocrx_word' id='word_1_11' title='bbox 1076 673 1225 740; x_wconf 88' lang='lat' dir='ltr'><strong>adminus</strong></span> <span class='ocrx_word' id='word_1_12' title='bbox 1239 676 1379 763; x_wconf 90' lang='lat' dir='ltr'><strong>quinque</strong></span> <span class='ocrx_word' id='word_1_13' title='bbox 1394 677 1545 764; x_wconf 76' lang='lat' dir='ltr'><strong>magistri</strong></span> <span class='ocrx_word' id='word_1_14' title='bbox 1563 701 1672 764; x_wconf 88' lang='lat' dir='ltr'><strong>argue·</strong></span> 
     </span>
     <span class='ocr_line' id='line_1_3' title="bbox 247 764 1172 862; baseline 0.013 -33"><span class='ocrx_word' id='word_1_15' title='bbox 247 764 337 848; x_wconf 88' lang='lat' dir='ltr'><strong>bant,</strong></span> <span class='ocrx_word' id='word_1_16' title='bbox 359 767 387 831; x_wconf 89' lang='lat' dir='ltr'><strong>si</strong></span> <span class='ocrx_word' id='word_1_17' title='bbox 408 767 522 834; x_wconf 87' lang='lat' dir='ltr'><strong>saltem</strong></span> <span class='ocrx_word' id='word_1_18' title='bbox 543 781 591 835; x_wconf 90' lang='lat' dir='ltr'><strong>tot</strong></span> <span class='ocrx_word' id='word_1_19' title='bbox 612 771 659 837; x_wconf 90' lang='lat' dir='ltr'><strong>ibi</strong></span> <span class='ocrx_word' id='word_1_20' title='bbox 679 774 799 838; x_wconf 88' lang='lat' dir='ltr'><strong>fuerint</strong></span> <span class='ocrx_word' id='word_1_21' title='bbox 817 775 967 862; x_wconf 80' lang='lat' dir='ltr'>magistri</span> <span class='ocrx_word' id='word_1_22' title='bbox 989 784 1172 862; x_wconf 76' lang='lat' dir='ltr'><strong>arguentes,</strong></span> 
     </span>
    </p>
   </div>
   <div class='ocr_carea' id='block_1_3' title="bbox 315 971 1612 1141">
    <p class='ocr_par' dir='ltr' id='par_1_3' title="bbox 315 971 1612 1141">
     <span class='ocr_line' id='line_1_4' title="bbox 315 971 1612 1045; baseline 0.008 -14"><span class='ocrx_word' id='word_1_23' title='bbox 315 971 362 1032; x_wconf 75' lang='lat'><strong>13.</strong></span> <span class='ocrx_word' id='word_1_24' title='bbox 385 985 558 1045; x_wconf 77' lang='lat' dir='ltr'>QUOTIRNS</span> <span class='ocrx_word' id='word_1_25' title='bbox 580 989 815 1039; x_wconf 76' lang='lat' dir='ltr'><strong>uaelsrsanm</strong></span> <span class='ocrx_word' id='word_1_26' title='bbox 837 992 963 1040; x_wconf 80' lang='lat' dir='ltr'>DOEBUS</span> <span class='ocrx_word' id='word_1_27' title='bbox 984 992 1164 1041; x_wconf 77' lang='lat' dir='ltr'><strong>Dommcls</strong></span> <span class='ocrx_word' id='word_1_28' title='bbox 1187 992 1397 1041; x_wconf 71' lang='lat' dir='ltr'><strong>sanamus</strong></span> <span class='ocrx_word' id='word_1_29' title='bbox 1419 993 1612 1042; x_wconf 77' lang='lat' dir='ltr'>ORDINARIE</span> 
     </span>
     <span class='ocr_line' id='line_1_5' title="bbox 869 1092 1045 1141; baseline 0 -2"><span class='ocrx_word' id='word_1_30' title='bbox 869 1092 1045 1141; x_wconf 77' lang='lat' dir='ltr'><strong>aaeulssn.</strong></span> 
     </span>
    </p>
   </div>
   <div class='ocr_carea' id='block_1_4' title="bbox 203 1223 1674 1552">
    <p class='ocr_par' dir='ltr' id='par_1_4' title="bbox 203 1223 1674 1552">
     <span class='ocr_line' id='line_1_6' title="bbox 203 1223 1067 1291; baseline 0 -13"><span class='ocrx_word' id='word_1_31' title='bbox 203 1223 220 1278; x_wconf 82' lang='lat' dir='ltr'><strong>s</strong></span> <span class='ocrx_word' id='word_1_32' title='bbox 852 1228 911 1291; x_wconf 53' lang='grc' dir='ltr'><strong>νει.</strong></span> <span class='ocrx_word' id='word_1_33' title='bbox 930 1227 1008 1288; x_wconf 84' lang='lat' dir='ltr'><strong>xm,</strong></span> <span class='ocrx_word' id='word_1_34' title='bbox 1030 1229 1067 1280; x_wconf 83' lang='lat' dir='ltr'><strong>rs.</strong></span> 
     </span>
     <span class='ocr_line' id='line_1_7' title="bbox 330 1352 1674 1447; baseline 0.005 -30"><span class='ocrx_word' id='word_1_35' title='bbox 330 1352 443 1419; x_wconf 90' lang='lat' dir='ltr'><strong>Nullus</strong></span> <span class='ocrx_word' id='word_1_36' title='bbox 463 1356 705 1441; x_wconf 88' lang='lat' dir='ltr'><strong>magistrandus</strong></span> <span class='ocrx_word' id='word_1_37' title='bbox 730 1360 763 1422; x_wconf 93' lang='lat' dir='ltr'><strong>in</strong></span> <span class='ocrx_word' id='word_1_38' title='bbox 785 1359 909 1424; x_wconf 87' lang='lat' dir='ltr'><strong>artibus</strong></span> <span class='ocrx_word' id='word_1_39' title='bbox 929 1358 1025 1424; x_wconf 90' lang='lat' dir='ltr'><strong>debet</strong></span> <span class='ocrx_word' id='word_1_40' title='bbox 1045 1358 1172 1423; x_wconf 76' lang='lat' dir='ltr'><strong>admitti</strong></span> <span class='ocrx_word' id='word_1_41' title='bbox 1196 1358 1238 1423; x_wconf 90' lang='lat' dir='ltr'><strong>ad</strong></span> <span class='ocrx_word' id='word_1_42' title='bbox 1264 1367 1466 1447; x_wconf 90' lang='lat' dir='ltr'><strong>temptamen</strong></span> <span class='ocrx_word' id='word_1_43' title='bbox 1487 1382 1551 1446; x_wconf 90' lang='lat' dir='ltr'><strong>pro</strong></span> <span class='ocrx_word' id='word_1_44' title='bbox 1573 1359 1674 1446; x_wconf 88' lang='lat' dir='ltr'><strong>gradu</strong></span> 
     </span>
     <span class='ocr_line' id='line_1_8' title="bbox 247 1453 1673 1552; baseline 0.008 -37"><span class='ocrx_word' id='word_1_45' title='bbox 247 1453 437 1537; x_wconf 82' lang='lat' dir='ltr'><strong>magisterii,</strong></span> <span class='ocrx_word' id='word_1_46' title='bbox 463 1455 539 1518; x_wconf 62' lang='lat' dir='ltr'><strong>nisi,</strong></span> <span class='ocrx_word' id='word_1_47' title='bbox 551 1455 584 1519; x_wconf 91' lang='lat' dir='ltr'><strong>in</strong></span> <span class='ocrx_word' id='word_1_48' title='bbox 605 1458 808 1523; x_wconf 79' lang='lat' dir='ltr'><strong>consciencia</strong></span> <span class='ocrx_word' id='word_1_49' title='bbox 831 1480 890 1522; x_wconf 88' lang='lat' dir='ltr'><strong>sua</strong></span> <span class='ocrx_word' id='word_1_50' title='bbox 911 1458 1008 1540; x_wconf 88' lang='lat' dir='ltr'><strong>dicat,</strong></span> <span class='ocrx_word' id='word_1_51' title='bbox 1036 1458 1124 1545; x_wconf 91' lang='lat' dir='ltr'><strong>quod</strong></span> <span class='ocrx_word' id='word_1_52' title='bbox 1151 1459 1243 1545; x_wconf 84' lang='lat' dir='ltr'><strong>prius</strong></span> <span class='ocrx_word' id='word_1_53' title='bbox 1264 1460 1299 1523; x_wconf 94' lang='lat' dir='ltr'><strong>in</strong></span> <span class='ocrx_word' id='word_1_54' title='bbox 1320 1461 1459 1546; x_wconf 89' lang='lat' dir='ltr'><strong>triginta</strong></span> <span class='ocrx_word' id='word_1_55' title='bbox 1480 1459 1673 1552; x_wconf 87' lang='lat' dir='ltr'><strong>disputacio·</strong></span> 
     </span>
    </p>
   </div>
   <div class='ocr_carea' id='block_1_5' title="bbox 243 1548 1673 1737">
    <p class='ocr_par' dir='ltr' id='par_1_5' title="bbox 243 1548 1673 1737">
     <span class='ocr_line' id='line_1_9' title="bbox 246 1548 1673 1647; baseline 0.007 -32"><span class='ocrx_word' id='word_1_56' title='bbox 246 1548 343 1615; x_wconf 90' lang='lat' dir='ltr'><strong>nibus</strong></span> <span class='ocrx_word' id='word_1_57' title='bbox 363 1553 537 1619; x_wconf 88' lang='lat' dir='ltr'><strong>ordinariis</strong></span> <span class='ocrx_word' id='word_1_58' title='bbox 560 1554 816 1622; x_wconf 86' lang='lat' dir='ltr'><strong>baccalario&#39;rum</strong></span> <span class='ocrx_word' id='word_1_59' title='bbox 835 1558 994 1646; x_wconf 89' lang='lat' dir='ltr'><strong>arguebat</strong></span> <span class='ocrx_word' id='word_1_60' title='bbox 1003 1560 1026 1641; x_wconf 82' lang='lat'><strong>²,</strong></span> <span class='ocrx_word' id='word_1_61' title='bbox 1054 1559 1082 1623; x_wconf 91' lang='lat' dir='ltr'><strong>si</strong></span> <span class='ocrx_word' id='word_1_62' title='bbox 1104 1558 1219 1623; x_wconf 88' lang='lat' dir='ltr'><strong>saltem</strong></span> <span class='ocrx_word' id='word_1_63' title='bbox 1244 1557 1350 1624; x_wconf 88' lang='lat' dir='ltr'><strong>locum</strong></span> <span class='ocrx_word' id='word_1_64' title='bbox 1372 1558 1537 1647; x_wconf 88' lang='lat' dir='ltr'><strong>arguendi</strong></span> <span class='ocrx_word' id='word_1_65' title='bbox 1559 1559 1673 1625; x_wconf 88' lang='lat' dir='ltr'><strong>habere</strong></span> 
     </span>
     <span class='ocr_line' id='line_1_10' title="bbox 243 1653 393 1737; baseline 0.02 -23"><span class='ocrx_word' id='word_1_66' title='bbox 243 1653 393 1737; x_wconf 84' lang='lat' dir='ltr'><strong>potuerit</strong></span> 
     </span>
    </p>
   </div>
   <div class='ocr_carea' id='block_1_6' title="bbox 207 1824 1403 1892">
    <p class='ocr_par' dir='ltr' id='par_1_6' title="bbox 207 1824 1403 1892">
     <span class='ocr_line' id='line_1_11' title="bbox 207 1824 1403 1892; baseline 0.003 -5"><span class='ocrx_word' id='word_1_67' title='bbox 207 1824 239 1879; x_wconf 85' lang='lat'><strong>10</strong></span> <span class='ocrx_word' id='word_1_68' title='bbox 477 1828 524 1889; x_wconf 77' lang='lat'><strong>14.</strong></span> <span class='ocrx_word' id='word_1_69' title='bbox 545 1841 592 1888; x_wconf 81' lang='lat' dir='ltr'><strong>ns</strong></span> <span class='ocrx_word' id='word_1_70' title='bbox 611 1840 868 1891; x_wconf 71' lang='lat' dir='ltr'><strong>coronacione</strong></span> <span class='ocrx_word' id='word_1_71' title='bbox 891 1843 1079 1891; x_wconf 75' lang='lat' dir='ltr'><strong>naumann</strong></span> <span class='ocrx_word' id='word_1_72' title='bbox 1099 1841 1403 1892; x_wconf 77' lang='lat' dir='ltr'><strong>aaccsnsmoaou.</strong></span> 
     </span>
    </p>
   </div>
   <div class='ocr_carea' id='block_1_7' title="bbox 848 1979 1062 2045">
    <p class='ocr_par' dir='ltr' id='par_1_7' title="bbox 848 1979 1062 2045">
     <span class='ocr_line' id='line_1_12' title="bbox 848 1979 1062 2045; baseline 0.005 -17"><span class='ocrx_word' id='word_1_73' title='bbox 848 1980 907 2044; x_wconf 89' lang='lat' dir='ltr'><strong>Vgl.</strong></span> <span class='ocrx_word' id='word_1_74' title='bbox 927 1980 1002 2045; x_wconf 83' lang='lat' dir='ltr'><strong>xm,</strong></span> <span class='ocrx_word' id='word_1_75' title='bbox 1020 1979 1062 2031; x_wconf 80' lang='lat'><strong>26.</strong></span> 
     </span>
    </p>
   </div>
   <div class='ocr_carea' id='block_1_8' title="bbox 206 2103 1671 2890">
    <p class='ocr_par' dir='ltr' id='par_1_8' title="bbox 245 2103 1671 2397">
     <span class='ocr_line' id='line_1_13' title="bbox 326 2103 1671 2194; baseline 0.004 -26"><span class='ocrx_word' id='word_1_76' title='bbox 326 2103 448 2187; x_wconf 84' lang='lat' dir='ltr'><strong>Placet,</strong></span> <span class='ocrx_word' id='word_1_77' title='bbox 478 2105 573 2193; x_wconf 89' lang='lat' dir='ltr'><strong>quod·</strong></span> <span class='ocrx_word' id='word_1_78' title='bbox 593 2107 728 2194; x_wconf 84' lang='lat' dir='ltr'><strong>quilibet</strong></span> <span class='ocrx_word' id='word_1_79' title='bbox 753 2109 958 2175; x_wconf 86' lang='lat' dir='ltr'><strong>baccalarius</strong></span> <span class='ocrx_word' id='word_1_80' title='bbox 984 2118 1132 2174; x_wconf 84' lang='lat' dir='ltr'><strong>teneatur</strong></span> <span class='ocrx_word' id='word_1_81' title='bbox 1153 2109 1187 2172; x_wconf 92' lang='lat' dir='ltr'><strong>in</strong></span> <span class='ocrx_word' id='word_1_82' title='bbox 1209 2106 1323 2172; x_wconf 88' lang='lat' dir='ltr'><strong>ordine</strong></span> <span class='ocrx_word' id='word_1_83' title='bbox 1352 2128 1411 2172; x_wconf 89' lang='lat' dir='ltr'><strong>suo</strong></span> <span class='ocrx_word' id='word_1_84' title='bbox 1436 2106 1490 2173; x_wconf 92' lang='lat' dir='ltr'><strong>die</strong></span> <span class='ocrx_word' id='word_1_85' title='bbox 1514 2107 1671 2174; x_wconf 90' lang='lat' dir='ltr'><strong>dominico</strong></span> 
     </span>
     <span class='ocr_line' id='line_1_14' title="bbox 246 2200 1668 2296; baseline 0.006 -31"><span class='ocrx_word' id='word_1_86' title='bbox 246 2200 412 2289; x_wconf 88' lang='lat' dir='ltr'><strong>disputare</strong></span> <span class='ocrx_word' id='word_1_87' title='bbox 431 2214 464 2271; x_wconf 89' lang='lat' dir='ltr'><strong>et</strong></span> <span class='ocrx_word' id='word_1_88' title='bbox 484 2228 556 2270; x_wconf 90' lang='lat' dir='ltr'><strong>cum</strong></span> <span class='ocrx_word' id='word_1_89' title='bbox 574 2207 783 2274; x_wconf 89' lang='lat' dir='ltr'><strong>intimacione</strong></span> <span class='ocrx_word' id='word_1_90' title='bbox 803 2208 936 2296; x_wconf 87' lang='lat' dir='ltr'><strong>publica</strong></span> <span class='ocrx_word' id='word_1_91' title='bbox 957 2232 1021 2274; x_wconf 92' lang='lat' dir='ltr'><strong>non</strong></span> <span class='ocrx_word' id='word_1_92' title='bbox 1048 2207 1153 2273; x_wconf 89' lang='lat' dir='ltr'><strong>solnm</strong></span> <span class='ocrx_word' id='word_1_93' title='bbox 1179 2205 1220 2271; x_wconf 90' lang='lat' dir='ltr'><strong>ad</strong></span> <span class='ocrx_word' id='word_1_94' title='bbox 1243 2205 1357 2270; x_wconf 90' lang='lat' dir='ltr'><strong>valvas</strong></span> <span class='ocrx_word' id='word_1_95' title='bbox 1380 2205 1596 2292; x_wconf 87' lang='lat' dir='ltr'><strong>collegiorum</strong></span> <span class='ocrx_word' id='word_1_96' title='bbox 1616 2208 1668 2273; x_wconf 88' lang='lat' dir='ltr'><strong>sed</strong></span> 
     </span>
     <span class='ocr_line' id='line_1_15' title="bbox 245 2303 1667 2397; baseline 0.006 -32"><span class='ocrx_word' id='word_1_97' title='bbox 245 2303 348 2366; x_wconf 88' lang='lat' dir='ltr'><strong>eciam</strong></span> <span class='ocrx_word' id='word_1_98' title='bbox 370 2303 413 2368; x_wconf 86' lang='lat' dir='ltr'><strong>ad</strong></span> <span class='ocrx_word' id='word_1_99' title='bbox 433 2303 567 2371; x_wconf 87' lang='lat' dir='ltr'><strong>bursam</strong></span> <span class='ocrx_word' id='word_1_100' title='bbox 586 2306 758 2390; x_wconf 78' lang='lat' dir='ltr'><strong>facultatis,</strong></span> <span class='ocrx_word' id='word_1_101' title='bbox 781 2306 863 2397; x_wconf 83' lang='lat' dir='ltr'><strong>quae</strong></span> <span class='ocrx_word' id='word_1_102' title='bbox 886 2318 935 2373; x_wconf 89' lang='lat' dir='ltr'><strong>est</strong></span> <span class='ocrx_word' id='word_1_103' title='bbox 955 2307 1044 2372; x_wconf 86' lang='lat' dir='ltr'><strong>locus</strong></span> <span class='ocrx_word' id='word_1_104' title='bbox 1066 2305 1279 2394; x_wconf 79' lang='lat' dir='ltr'><strong>paedagogii3</strong></span> <span class='ocrx_word' id='word_1_105' title='bbox 1302 2313 1334 2369; x_wconf 91' lang='lat' dir='ltr'><strong>et</strong></span> <span class='ocrx_word' id='word_1_106' title='bbox 1353 2327 1420 2370; x_wconf 90' lang='lat' dir='ltr'><strong>non</strong></span> <span class='ocrx_word' id='word_1_107' title='bbox 1441 2307 1557 2393; x_wconf 88' lang='lat' dir='ltr'><strong>capiat</strong></span> <span class='ocrx_word' id='word_1_108' title='bbox 1577 2330 1667 2395; x_wconf 84' lang='lat' dir='ltr'><strong>qnae</strong></span> 
     </span>
    </p>

    <p class='ocr_par' dir='ltr' id='par_1_9' title="bbox 206 2398 1670 2890">
     <span class='ocr_line' id='line_1_16' title="bbox 206 2398 1670 2494; baseline 0.006 -31"><span class='ocrx_word' id='word_1_109' title='bbox 206 2409 236 2464; x_wconf 83' lang='grc'><strong>15</strong></span> <span class='ocrx_word' id='word_1_110' title='bbox 247 2401 367 2467; x_wconf 84' lang='lat' dir='ltr'><strong>stiones</strong></span> <span class='ocrx_word' id='word_1_111' title='bbox 386 2405 448 2468; x_wconf 90' lang='lat' dir='ltr'><strong>nisi</strong></span> <span class='ocrx_word' id='word_1_112' title='bbox 470 2405 505 2469; x_wconf 92' lang='lat' dir='ltr'><strong>in</strong></span> <span class='ocrx_word' id='word_1_113' title='bbox 523 2404 619 2492; x_wconf 86' lang='lat' dir='ltr'><strong>loyca</strong></span> <span class='ocrx_word' id='word_1_114' title='bbox 640 2416 672 2475; x_wconf 87' lang='lat' dir='ltr'><strong>et</strong></span> <span class='ocrx_word' id='word_1_115' title='bbox 684 2407 891 2494; x_wconf 86' lang='lat' dir='ltr'><strong>philosophia</strong></span> <span class='ocrx_word' id='word_1_116' title='bbox 911 2404 1061 2490; x_wconf 87' lang='lat' dir='ltr'><strong>naturali,</strong></span> <span class='ocrx_word' id='word_1_117' title='bbox 1081 2429 1141 2471; x_wconf 91' lang='lat' dir='ltr'><strong>nec</strong></span> <span class='ocrx_word' id='word_1_118' title='bbox 1157 2405 1360 2494; x_wconf 79' lang='lat' dir='ltr'><strong>zophismata</strong></span> <span class='ocrx_word' id='word_1_119' title='bbox 1373 2405 1438 2469; x_wconf 87' lang='lat' dir='ltr'><strong>nisi</strong></span> <span class='ocrx_word' id='word_1_120' title='bbox 1451 2405 1488 2470; x_wconf 92' lang='lat' dir='ltr'><strong>in</strong></span> <span class='ocrx_word' id='word_1_121' title='bbox 1510 2398 1670 2493; x_wconf 57' lang='lat' dir='ltr'><strong>gramma?</strong></span> 
     </span>
     <span class='ocr_line' id='line_1_17' title="bbox 245 2500 1668 2593; baseline 0.005 -29"><span class='ocrx_word' id='word_1_122' title='bbox 245 2500 312 2565; x_wconf 90' lang='lat' dir='ltr'><strong>tica</strong></span> <span class='ocrx_word' id='word_1_123' title='bbox 339 2512 371 2567; x_wconf 91' lang='lat' dir='ltr'><strong>et</strong></span> <span class='ocrx_word' id='word_1_124' title='bbox 396 2501 507 2591; x_wconf 87' lang='lat' dir='ltr'><strong>loyca,</strong></span> <span class='ocrx_word' id='word_1_125' title='bbox 537 2504 597 2570; x_wconf 91' lang='lat' dir='ltr'><strong>sub</strong></span> <span class='ocrx_word' id='word_1_126' title='bbox 624 2528 731 2592; x_wconf 90' lang='lat' dir='ltr'><strong>poena</strong></span> <span class='ocrx_word' id='word_1_127' title='bbox 759 2505 870 2572; x_wconf 91' lang='lat' dir='ltr'><strong>decem</strong></span> <span class='ocrx_word' id='word_1_128' title='bbox 898 2529 1101 2593; x_wconf 88' lang='lat' dir='ltr'><strong>grossorum,</strong></span> <span class='ocrx_word' id='word_1_129' title='bbox 1131 2528 1190 2593; x_wconf 89' lang='lat' dir='ltr'><strong>per</strong></span> <span class='ocrx_word' id='word_1_130' title='bbox 1219 2503 1377 2568; x_wconf 88' lang='lat' dir='ltr'><strong>decanum</strong></span> <span class='ocrx_word' id='word_1_131' title='bbox 1409 2503 1471 2569; x_wconf 89' lang='lat' dir='ltr'><strong>sub</strong></span> <span class='ocrx_word' id='word_1_132' title='bbox 1504 2515 1564 2572; x_wconf 82' lang='lat' dir='ltr'><strong>sno&#39;</strong></span> <span class='ocrx_word' id='word_1_133' title='bbox 1592 2507 1668 2572; x_wconf 88' lang='lat' dir='ltr'><strong>inra-</strong></span> 
     </span>
     <span class='ocr_line' id='line_1_18' title="bbox 245 2601 1668 2693; baseline 0.006 -31"><span class='ocrx_word' id='word_1_134' title='bbox 245 2610 353 2665; x_wconf 91' lang='lat' dir='ltr'><strong>mento</strong></span> <span class='ocrx_word' id='word_1_135' title='bbox 377 2604 524 2688; x_wconf 86' lang='lat' dir='ltr'><strong>rigorose</strong></span> <span class='ocrx_word' id='word_1_136' title='bbox 549 2605 842 2693; x_wconf 83' lang='lat' dir='ltr'><strong>extorquendorum</strong></span> <span class='ocrx_word' id='word_1_137' title='bbox 866 2628 887 2670; x_wconf 94' lang='lat' dir='ltr'><strong>a</strong></span> <span class='ocrx_word' id='word_1_138' title='bbox 915 2605 1177 2671; x_wconf 88' lang='lat' dir='ltr'><strong>contrafaciente.</strong></span> <span class='ocrx_word' id='word_1_139' title='bbox 1219 2601 1264 2666; x_wconf 86' lang='lat' dir='ltr'><strong>Et</strong></span> <span class='ocrx_word' id='word_1_140' title='bbox 1289 2612 1466 2690; x_wconf 88' lang='lat' dir='ltr'><strong>antequam</strong></span> <span class='ocrx_word' id='word_1_141' title='bbox 1493 2603 1668 2670; x_wconf 88' lang='lat' dir='ltr'><strong>huiusmodi</strong></span> 
     </span>
     <span class='ocr_line' id='line_1_19' title="bbox 248 2699 1667 2792; baseline 0.006 -30"><span class='ocrx_word' id='word_1_142' title='bbox 248 2699 446 2766; x_wconf 83' lang='lat' dir='ltr'><strong>ordinariam</strong></span> <span class='ocrx_word' id='word_1_143' title='bbox 467 2703 725 2790; x_wconf 75' lang='lat' dir='ltr'><strong>disputationem</strong></span> <span class='ocrx_word' id='word_1_144' title='bbox 747 2702 864 2789; x_wconf 90' lang='lat' dir='ltr'><strong>aliquis</strong></span> <span class='ocrx_word' id='word_1_145' title='bbox 885 2704 1143 2771; x_wconf 87' lang='lat' dir='ltr'><strong>baccalariorum</strong></span> <span class='ocrx_word' id='word_1_146' title='bbox 1166 2700 1384 2788; x_wconf 87' lang='lat' dir='ltr'><strong>compleverit,</strong></span> <span class='ocrx_word' id='word_1_147' title='bbox 1412 2700 1457 2768; x_wconf 88' lang='lat' dir='ltr'><strong>ad</strong></span> <span class='ocrx_word' id='word_1_148' title='bbox 1479 2713 1667 2792; x_wconf 86' lang='lat' dir='ltr'><strong>temptamen</strong></span> 
     </span>
     <span class='ocr_line' id='line_1_20' title="bbox 247 2800 1468 2890; baseline 0.007 -28"><span class='ocrx_word' id='word_1_149' title='bbox 247 2820 308 2885; x_wconf 91' lang='lat' dir='ltr'><strong>pro</strong></span> <span class='ocrx_word' id='word_1_150' title='bbox 330 2800 436 2885; x_wconf 85' lang='lat' dir='ltr'><strong>gradu</strong></span> <span class='ocrx_word' id='word_1_151' title='bbox 455 2804 634 2890; x_wconf 86' lang='lat' dir='ltr'><strong>magisterii</strong></span> <span class='ocrx_word' id='word_1_152' title='bbox 656 2804 786 2869; x_wconf 90' lang='lat' dir='ltr'><strong>minime</strong></span> <span class='ocrx_word' id='word_1_153' title='bbox 806 2805 1003 2870; x_wconf 88' lang='lat' dir='ltr'><strong>admittatur.</strong></span> <span class='ocrx_word' id='word_1_154' title='bbox 1030 2864 1033 2873; x_wconf 87' lang='grc'><em>,</em></span> <span class='ocrx_word' id='word_1_155' title='bbox 1463 2845 1468 2851; x_wconf 89' lang='lat'>-</span> 
     </span>
    </p>
   </div>
   <div class='ocr_carea' id='block_1_9' title="bbox 205 3005 1631 3169">
    <p class='ocr_par' dir='ltr' id='par_1_10' title="bbox 205 3005 1631 3169">
     <span class='ocr_line' id='line_1_21' title="bbox 205 3005 1631 3071; baseline 0.003 -9"><span class='ocrx_word' id='word_1_156' title='bbox 205 3005 239 3062; x_wconf 76' lang='lat'><strong>20</strong></span> <span class='ocrx_word' id='word_1_157' title='bbox 283 3005 330 3066; x_wconf 89' lang='lat'><strong>15.</strong></span> <span class='ocrx_word' id='word_1_158' title='bbox 351 3018 398 3065; x_wconf 83' lang='lat' dir='ltr'><strong>na</strong></span> <span class='ocrx_word' id='word_1_159' title='bbox 419 3017 642 3071; x_wconf 78' lang='lat' dir='ltr'><strong>saccansans</strong></span> <span class='ocrx_word' id='word_1_160' title='bbox 663 3021 799 3070; x_wconf 76' lang='lat' dir='ltr'><strong>anmrus</strong></span> <span class='ocrx_word' id='word_1_161' title='bbox 821 3008 1044 3071; x_wconf 79' lang='lat' dir='ltr'><strong>vonnrrmos&#39;</strong></span> <span class='ocrx_word' id='word_1_162' title='bbox 1064 3020 1100 3067; x_wconf 85' lang='lat' dir='ltr'><strong>m</strong></span> <span class='ocrx_word' id='word_1_163' title='bbox 1122 3020 1200 3068; x_wconf 80' lang='lat' dir='ltr'><strong>isra</strong></span> <span class='ocrx_word' id='word_1_164' title='bbox 1222 3018 1480 3069; x_wconf 76' lang='lat' dir='ltr'><strong>onwnasmarn</strong></span> <span class='ocrx_word' id='word_1_165' title='bbox 1501 3019 1631 3069; x_wconf 79' lang='lat' dir='ltr'><strong>raone-</strong></span> 
     </span>
     <span class='ocr_line' id='line_1_22' title="bbox 777 3119 1141 3169; baseline 0 0"><span class='ocrx_word' id='word_1_166' title='bbox 777 3122 859 3169; x_wconf 80' lang='lat' dir='ltr'><strong>vam</strong></span> <span class='ocrx_word' id='word_1_167' title='bbox 880 3123 916 3169; x_wconf 71' lang='lat' dir='ltr'><strong>nv</strong></span> <span class='ocrx_word' id='word_1_168' title='bbox 937 3119 1141 3169; x_wconf 73' lang='lat' dir='ltr'><strong>assisinos.</strong></span> 
     </span>
    </p>
   </div>
   <div class='ocr_carea' id='block_1_10' title="bbox 858 3254 1068 3320">
    <p class='ocr_par' dir='ltr' id='par_1_11' title="bbox 858 3254 1068 3320">
     <span class='ocr_line' id='line_1_23' title="bbox 858 3254 1068 3320; baseline 0 -14"><span class='ocrx_word' id='word_1_169' title='bbox 858 3258 918 3320; x_wconf 82' lang='lat' dir='ltr'><strong>vgl.</strong></span> <span class='ocrx_word' id='word_1_170' title='bbox 936 3257 1010 3320; x_wconf 84' lang='lat' dir='ltr'><strong>xm,</strong></span> <span class='ocrx_word' id='word_1_171' title='bbox 1028 3254 1068 3308; x_wconf 77' lang='lat'><strong>14.</strong></span> 
     </span>
    </p>
   </div>
   <div class='ocr_carea' id='block_1_11' title="bbox 205 3383 1663 3751">
    <p class='ocr_par' dir='ltr' id='par_1_12' title="bbox 330 3383 1663 3473">
     <span class='ocr_line' id='line_1_24' title="bbox 330 3383 1663 3473; baseline 0.002 -25"><span class='ocrx_word' id='word_1_172' title='bbox 330 3383 443 3450; x_wconf 89' lang='lat' dir='ltr'><strong>Nullus</strong></span> <span class='ocrx_word' id='word_1_173' title='bbox 472 3386 689 3470; x_wconf 88' lang='lat' dir='ltr'><strong>baccalarius,</strong></span> <span class='ocrx_word' id='word_1_174' title='bbox 716 3389 849 3453; x_wconf 89' lang='lat' dir='ltr'><strong>veniens</strong></span> <span class='ocrx_word' id='word_1_175' title='bbox 879 3387 920 3452; x_wconf 91' lang='lat' dir='ltr'><strong>de</strong></span> <span class='ocrx_word' id='word_1_176' title='bbox 946 3387 1012 3452; x_wconf 88' lang='lat' dir='ltr'><strong>alia</strong></span> <span class='ocrx_word' id='word_1_177' title='bbox 1038 3386 1264 3468; x_wconf 86' lang='lat' dir='ltr'><strong>universitate,</strong></span> <span class='ocrx_word' id='word_1_178' title='bbox 1293 3388 1484 3473; x_wconf 89' lang='lat' dir='ltr'><strong>promoveri</strong></span> <span class='ocrx_word' id='word_1_179' title='bbox 1510 3385 1605 3452; x_wconf 89' lang='lat' dir='ltr'><strong>debet</strong></span> <span class='ocrx_word' id='word_1_180' title='bbox 1628 3385 1663 3450; x_wconf 89' lang='lat' dir='ltr'><strong>ad</strong></span> 
     </span>
    </p>

    <p class='ocr_par' dir='ltr' id='par_1_13' title="bbox 246 3484 1661 3573">
     <span class='ocr_line' id='line_1_25' title="bbox 246 3484 1661 3573; baseline 0.001 -26"><span class='ocrx_word' id='word_1_181' title='bbox 246 3484 382 3568; x_wconf 86' lang='lat' dir='ltr'><strong>gradum</strong></span> <span class='ocrx_word' id='word_1_182' title='bbox 405 3487 585 3571; x_wconf 87' lang='lat' dir='ltr'><strong>magisterii</strong></span> <span class='ocrx_word' id='word_1_183' title='bbox 606 3489 640 3551; x_wconf 92' lang='lat' dir='ltr'><strong>in</strong></span> <span class='ocrx_word' id='word_1_184' title='bbox 662 3487 796 3569; x_wconf 86' lang='lat' dir='ltr'><strong>artibus,</strong></span> <span class='ocrx_word' id='word_1_185' title='bbox 824 3488 886 3551; x_wconf 89' lang='lat' dir='ltr'><strong>nisi</strong></span> <span class='ocrx_word' id='word_1_186' title='bbox 909 3490 999 3573; x_wconf 90' lang='lat' dir='ltr'><strong>prius</strong></span> <span class='ocrx_word' id='word_1_187' title='bbox 1030 3487 1156 3551; x_wconf 89' lang='lat' dir='ltr'><strong>steterit</strong></span> <span class='ocrx_word' id='word_1_188' title='bbox 1182 3485 1216 3549; x_wconf 91' lang='lat' dir='ltr'><strong>in</strong></span> <span class='ocrx_word' id='word_1_189' title='bbox 1243 3488 1306 3550; x_wconf 84' lang='lat' dir='ltr'><strong>ista</strong></span> <span class='ocrx_word' id='word_1_190' title='bbox 1332 3488 1547 3552; x_wconf 86' lang='lat' dir='ltr'><strong>universitate</strong></span> <span class='ocrx_word' id='word_1_191' title='bbox 1575 3485 1661 3550; x_wconf 88' lang='lat' dir='ltr'><strong>admi·</strong></span> 
     </span>
    </p>

    <p class='ocr_par' dir='ltr' id='par_1_14' title="bbox 205 3582 1662 3751">
     <span class='ocr_line' id='line_1_26' title="bbox 205 3582 1662 3669; baseline 0.002 -24"><span class='ocrx_word' id='word_1_192' title='bbox 205 3591 308 3647; x_wconf 85' lang='lat' dir='ltr'><strong>25nus</strong></span> <span class='ocrx_word' id='word_1_193' title='bbox 331 3582 373 3647; x_wconf 90' lang='lat' dir='ltr'><strong>ad</strong></span> <span class='ocrx_word' id='word_1_194' title='bbox 399 3585 568 3650; x_wconf 89' lang='lat' dir='ltr'><strong>dimidium</strong></span> <span class='ocrx_word' id='word_1_195' title='bbox 594 3610 723 3669; x_wconf 86' lang='lat' dir='ltr'><strong>annum,</strong></span> <span class='ocrx_word' id='word_1_196' title='bbox 752 3597 784 3651; x_wconf 90' lang='lat' dir='ltr'><strong>et</strong></span> <span class='ocrx_word' id='word_1_197' title='bbox 811 3586 985 3650; x_wconf 91' lang='lat' dir='ltr'><strong>dummodo</strong></span> <span class='ocrx_word' id='word_1_198' title='bbox 1008 3584 1204 3650; x_wconf 87' lang='lat' dir='ltr'><strong>sufficientes</strong></span> <span class='ocrx_word' id='word_1_199' title='bbox 1225 3585 1479 3652; x_wconf 81' lang='lat' dir='ltr'><strong>informaciones</strong></span> <span class='ocrx_word' id='word_1_200' title='bbox 1500 3587 1612 3652; x_wconf 83' lang='lat' dir='ltr'><strong>fecerit</strong></span> <span class='ocrx_word' id='word_1_201' title='bbox 1630 3584 1662 3649; x_wconf 91' lang='lat' dir='ltr'><strong>de</strong></span> 
     </span>
     <span class='ocr_line' id='line_1_27' title="bbox 247 3682 1340 3751; baseline 0.005 -6"><span class='ocrx_word' id='word_1_202' title='bbox 247 3682 417 3748; x_wconf 88' lang='lat' dir='ltr'><strong>audicione</strong></span> <span class='ocrx_word' id='word_1_203' title='bbox 436 3683 594 3750; x_wconf 88' lang='lat' dir='ltr'><strong>librorum</strong></span> <span class='ocrx_word' id='word_1_204' title='bbox 613 3688 647 3750; x_wconf 94' lang='lat' dir='ltr'><strong>in</strong></span> <span class='ocrx_word' id='word_1_205' title='bbox 668 3686 734 3751; x_wconf 89' lang='lat' dir='ltr'><strong>alia</strong></span> <span class='ocrx_word' id='word_1_206' title='bbox 754 3687 974 3751; x_wconf 88' lang='lat' dir='ltr'><strong>universitate.</strong></span> <span class='ocrx_word' id='word_1_207' title='bbox 1335 3696 1340 3701; x_wconf 87' lang='lat'>&#39;</span> 
     </span>
    </p>
   </div>
   <div class='ocr_carea' id='block_1_12' title="bbox 312 3895 1603 4047">
    <p class='ocr_par' dir='ltr' id='par_1_15' title="bbox 312 3895 1603 4047">
     <span class='ocr_line' id='line_1_28' title="bbox 312 3895 1603 3949; baseline 0.004 -5"><span class='ocrx_word' id='word_1_208' title='bbox 312 3895 517 3946; x_wconf 73' lang='lat' dir='ltr'><strong>saccinam</strong></span> <span class='ocrx_word' id='word_1_209' title='bbox 539 3900 725 3948; x_wconf 75' lang='lat' dir='ltr'><strong>sarsurus</strong></span> <span class='ocrx_word' id='word_1_210' title='bbox 746 3900 875 3947; x_wconf 79' lang='lat' dir='ltr'><strong>roman</strong></span> <span class='ocrx_word' id='word_1_211' title='bbox 898 3899 967 3947; x_wconf 79' lang='lat' dir='ltr'><strong>rao</strong></span> <span class='ocrx_word' id='word_1_212' title='bbox 989 3898 1106 3946; x_wconf 77' lang='lat' dir='ltr'><strong>cason</strong></span> <span class='ocrx_word' id='word_1_213' title='bbox 1129 3897 1403 3947; x_wconf 80' lang='lat' dir='ltr'><strong>assonrrroran</strong></span> <span class='ocrx_word' id='word_1_214' title='bbox 1424 3899 1462 3947; x_wconf 82' lang='lat' dir='ltr'><strong>m</strong></span> <span class='ocrx_word' id='word_1_215' title='bbox 1485 3900 1603 3949; x_wconf 77' lang='lat' dir='ltr'><strong>rinno-</strong></span> 
     </span>
     <span class='ocr_line' id='line_1_29' title="bbox 786 3982 1135 4047; baseline -0.006 0"><span class='ocrx_word' id='word_1_216' title='bbox 786 3999 910 4047; x_wconf 77' lang='lat' dir='ltr'><strong>sorffla</strong></span> <span class='ocrx_word' id='word_1_217' title='bbox 930 3982 1135 4046; x_wconf 77' lang='lat' dir='ltr'><strong>raronsn1.³</strong></span> 
     </span>
    </p>
   </div>
   <div class='ocr_carea' id='block_1_13' title="bbox 206 4128 1661 4492">
    <p class='ocr_par' dir='ltr' id='par_1_16' title="bbox 330 4128 1661 4219">
     <span class='ocr_line' id='line_1_30' title="bbox 330 4128 1661 4219; baseline 0.002 -27"><span class='ocrx_word' id='word_1_218' title='bbox 330 4129 409 4193; x_wconf 91' lang='lat' dir='ltr'><strong>ltcm</strong></span> <span class='ocrx_word' id='word_1_219' title='bbox 430 4130 536 4196; x_wconf 89' lang='lat' dir='ltr'><strong>nullus</strong></span> <span class='ocrx_word' id='word_1_220' title='bbox 557 4131 814 4198; x_wconf 87' lang='lat' dir='ltr'><strong>baccalariorum</strong></span> <span class='ocrx_word' id='word_1_221' title='bbox 835 4132 869 4205; x_wconf 88' lang='lat' dir='ltr'><strong>in</strong></span> <span class='ocrx_word' id='word_1_222' title='bbox 898 4129 1023 4194; x_wconf 90' lang='lat' dir='ltr'><strong>artibus</strong></span> <span class='ocrx_word' id='word_1_223' title='bbox 1051 4129 1180 4195; x_wconf 88' lang='lat' dir='ltr'><strong>admitti</strong></span> <span class='ocrx_word' id='word_1_224' title='bbox 1207 4128 1304 4194; x_wconf 87' lang='lat' dir='ltr'><strong>debet</strong></span> <span class='ocrx_word' id='word_1_225' title='bbox 1331 4130 1374 4195; x_wconf 90' lang='lat' dir='ltr'><strong>ad</strong></span> <span class='ocrx_word' id='word_1_226' title='bbox 1402 4140 1601 4219; x_wconf 82' lang='lat' dir='ltr'><strong>temptamen</strong></span> <span class='ocrx_word' id='word_1_227' title='bbox 1619 4129 1661 4194; x_wconf 84' lang='lat' dir='ltr'><strong>vel</strong></span> 
     </span>
    </p>

    <p class='ocr_par' dir='ltr' id='par_1_17' title="bbox 206 4229 1661 4321">
     <span class='ocr_line' id='line_1_31' title="bbox 206 4229 1661 4321; baseline 0.003 -30"><span class='ocrx_word' id='word_1_228' title='bbox 206 4237 385 4292; x_wconf 85' lang='lat' dir='ltr'><strong>30examen</strong></span> <span class='ocrx_word' id='word_1_229' title='bbox 413 4251 473 4315; x_wconf 90' lang='lat' dir='ltr'><strong>pro</strong></span> <span class='ocrx_word' id='word_1_230' title='bbox 500 4231 606 4316; x_wconf 85' lang='lat' dir='ltr'><strong>gradu</strong></span> <span class='ocrx_word' id='word_1_231' title='bbox 629 4232 817 4318; x_wconf 86' lang='lat' dir='ltr'><strong>magisterii,</strong></span> <span class='ocrx_word' id='word_1_232' title='bbox 845 4232 908 4294; x_wconf 88' lang='lat' dir='ltr'><strong>nisi</strong></span> <span class='ocrx_word' id='word_1_233' title='bbox 936 4229 1085 4295; x_wconf 88' lang='lat' dir='ltr'><strong>adminus</strong></span> <span class='ocrx_word' id='word_1_234' title='bbox 1106 4229 1277 4315; x_wconf 87' lang='lat' dir='ltr'><strong>diligenter</strong></span> <span class='ocrx_word' id='word_1_235' title='bbox 1298 4231 1399 4296; x_wconf 88' lang='lat' dir='ltr'><strong>semel</strong></span> <span class='ocrx_word' id='word_1_236' title='bbox 1424 4235 1661 4321; x_wconf 89' lang='lat' dir='ltr'><strong>resumptionem</strong></span> 
     </span>
    </p>

    <p class='ocr_par' dir='ltr' id='par_1_18' title="bbox 246 4327 1661 4492">
     <span class='ocr_line' id='line_1_32' title="bbox 246 4327 1661 4418; baseline 0.003 -29"><span class='ocrx_word' id='word_1_237' title='bbox 246 4327 409 4392; x_wconf 86' lang='lat' dir='ltr'><strong>facultatis</strong></span> <span class='ocrx_word' id='word_1_238' title='bbox 431 4331 465 4392; x_wconf 92' lang='lat' dir='ltr'><strong>in</strong></span> <span class='ocrx_word' id='word_1_239' title='bbox 487 4330 695 4418; x_wconf 86' lang='lat' dir='ltr'><strong>philozophia</strong></span> <span class='ocrx_word' id='word_1_240' title='bbox 716 4329 856 4395; x_wconf 85' lang='lat' dir='ltr'><strong>naturali</strong></span> <span class='ocrx_word' id='word_1_241' title='bbox 877 4330 1041 4395; x_wconf 90' lang='lat' dir='ltr'><strong>audiverit</strong></span> <span class='ocrx_word' id='word_1_242' title='bbox 1061 4339 1093 4394; x_wconf 93' lang='lat' dir='ltr'><strong>et</strong></span> <span class='ocrx_word' id='word_1_243' title='bbox 1113 4352 1173 4416; x_wconf 88' lang='lat' dir='ltr'><strong>pro</strong></span> <span class='ocrx_word' id='word_1_244' title='bbox 1201 4352 1240 4400; x_wconf 83' lang='lat' dir='ltr'><strong>ea</strong></span> <span class='ocrx_word' id='word_1_245' title='bbox 1260 4329 1393 4395; x_wconf 87' lang='lat' dir='ltr'><strong>realiter</strong></span> <span class='ocrx_word' id='word_1_246' title='bbox 1412 4342 1445 4399; x_wconf 88' lang='lat' dir='ltr'><strong>et</strong></span> <span class='ocrx_word' id='word_1_247' title='bbox 1466 4354 1540 4399; x_wconf 89' lang='lat' dir='ltr'><strong>cum</strong></span> <span class='ocrx_word' id='word_1_248' title='bbox 1562 4333 1661 4398; x_wconf 83' lang='lat' dir='ltr'><strong>effecto</strong></span> 
     </span>
     <span class='ocr_line' id='line_1_33' title="bbox 248 4428 449 4492; baseline 0.015 -3"><span class='ocrx_word' id='word_1_249' title='bbox 248 4428 449 4492; x_wconf 87' lang='lat' dir='ltr'><strong>satisfecerit.</strong></span> 
     </span>
    </p>
   </div>
   <div class='ocr_carea' id='block_1_14' title="bbox 332 4691 1378 4865">
    <p class='ocr_par' dir='ltr' id='par_1_19' title="bbox 332 4691 1378 4865">
     <span class='ocr_line' id='line_1_34' title="bbox 334 4691 1354 4764; baseline 0 -16"><span class='ocrx_word' id='word_1_250' title='bbox 334 4698 344 4748; x_wconf 91' lang='lat' dir='ltr'><strong>l</strong></span> <span class='ocrx_word' id='word_1_251' title='bbox 364 4691 419 4747; x_wconf 86' lang='lat' dir='ltr'><strong>Am</strong></span> <span class='ocrx_word' id='word_1_252' title='bbox 436 4693 546 4749; x_wconf 84' lang='lat' dir='ltr'><strong>Raude:</strong></span> <span class='ocrx_word' id='word_1_253' title='bbox 582 4695 662 4749; x_wconf 80' lang='lat' dir='ltr'><strong>Haec</strong></span> <span class='ocrx_word' id='word_1_254' title='bbox 679 4694 812 4764; x_wconf 62' lang='lat' dir='ltr'><strong>obligatio</strong></span> <span class='ocrx_word' id='word_1_255' title='bbox 832 4696 939 4748; x_wconf 77' lang='lat' dir='ltr'><strong>decreto</strong></span> <span class='ocrx_word' id='word_1_256' title='bbox 951 4693 1104 4763; x_wconf 64' lang='lat' dir='ltr'><strong>scordotis</strong></span> <span class='ocrx_word' id='word_1_257' title='bbox 1121 4695 1262 4749; x_wconf 64' lang='lat' dir='ltr'><strong>omittam·</strong></span> <span class='ocrx_word' id='word_1_258' title='bbox 1281 4697 1354 4750; x_wconf 80' lang='lat'><strong>1520.</strong></span> 
     </span>
     <span class='ocr_line' id='line_1_35' title="bbox 332 4794 1378 4865; baseline 0.002 -17"><span class='ocrx_word' id='word_1_259' title='bbox 332 4799 347 4848; x_wconf 81' lang='lat'>2</span> <span class='ocrx_word' id='word_1_260' title='bbox 366 4794 420 4848; x_wconf 83' lang='lat' dir='ltr'><strong>Am</strong></span> <span class='ocrx_word' id='word_1_261' title='bbox 438 4795 549 4849; x_wconf 85' lang='lat' dir='ltr'><strong>Rande:</strong></span> <span class='ocrx_word' id='word_1_262' title='bbox 585 4795 665 4850; x_wconf 86' lang='lat' dir='ltr'><strong>Haec</strong></span> <span class='ocrx_word' id='word_1_263' title='bbox 682 4813 788 4865; x_wconf 59' lang='lat' dir='ltr'><strong>quom</strong></span> <span class='ocrx_word' id='word_1_264' title='bbox 805 4795 943 4863; x_wconf 68' lang='lat' dir='ltr'><strong>oeliqacio</strong></span> <span class='ocrx_word' id='word_1_265' title='bbox 959 4795 1067 4850; x_wconf 69' lang='lat' dir='ltr'><strong>melota</strong></span> <span class='ocrx_word' id='word_1_266' title='bbox 1084 4803 1130 4863; x_wconf 85' lang='lat' dir='ltr'><strong>est,</strong></span> <span class='ocrx_word' id='word_1_267' title='bbox 1146 4803 1176 4848; x_wconf 83' lang='lat' dir='ltr'><strong>at</strong></span> <span class='ocrx_word' id='word_1_268' title='bbox 1192 4812 1286 4865; x_wconf 71' lang='lat' dir='ltr'><strong>mpra,</strong></span> <span class='ocrx_word' id='word_1_269' title='bbox 1305 4798 1378 4850; x_wconf 72' lang='lat'>1520.</span> 
     </span>
    </p>
   </div>
   <div class='ocr_carea' id='block_1_15' title="bbox 247 4894 1656 5117">
    <p class='ocr_par' dir='ltr' id='par_1_20' title="bbox 247 4894 1656 5117">
     <span class='ocr_line' id='line_1_36' title="bbox 333 4894 1656 4953; baseline 0.001 -6"><span class='ocrx_word' id='word_1_270' title='bbox 333 4899 348 4947; x_wconf 84' lang='grc'>3</span> <span class='ocrx_word' id='word_1_271' title='bbox 366 4894 464 4950; x_wconf 87' lang='lat' dir='ltr'><strong>Dieser</strong></span> <span class='ocrx_word' id='word_1_272' title='bbox 480 4896 589 4951; x_wconf 81' lang='lat' dir='ltr'><strong>Artikel</strong></span> <span class='ocrx_word' id='word_1_273' title='bbox 615 4901 714 4950; x_wconf 89' lang='lat' dir='ltr'><strong>sammt</strong></span> <span class='ocrx_word' id='word_1_274' title='bbox 738 4896 827 4950; x_wconf 89' lang='lat' dir='ltr'><strong>seiner</strong></span> <span class='ocrx_word' id='word_1_275' title='bbox 846 4895 1037 4953; x_wconf 85' lang='lat' dir='ltr'><strong>Ueberschn&#39;ft</strong></span> <span class='ocrx_word' id='word_1_276' title='bbox 1056 4894 1130 4950; x_wconf 84' lang='lat' dir='ltr'><strong>steht</strong></span> <span class='ocrx_word' id='word_1_277' title='bbox 1146 4894 1199 4950; x_wconf 77' lang='lat' dir='ltr'><strong>aul</strong></span> <span class='ocrx_word' id='word_1_278' title='bbox 1215 4896 1307 4951; x_wconf 83' lang='lat' dir='ltr'><strong>Rasur</strong></span> <span class='ocrx_word' id='word_1_279' title='bbox 1325 4896 1383 4950; x_wconf 89' lang='lat' dir='ltr'><strong>und</strong></span> <span class='ocrx_word' id='word_1_280' title='bbox 1401 4897 1440 4951; x_wconf 85' lang='lat' dir='ltr'><strong>ist</strong></span> <span class='ocrx_word' id='word_1_281' title='bbox 1459 4897 1539 4953; x_wconf 88' lang='lat' dir='ltr'><strong>nieht</strong></span> <span class='ocrx_word' id='word_1_282' title='bbox 1556 4895 1656 4952; x_wconf 80' lang='lat' dir='ltr'><strong>rondes</strong></span> 
     </span>
     <span class='ocr_line' id='line_1_37' title="bbox 247 4977 1654 5053; baseline 0.004 -22"><span class='ocrx_word' id='word_1_283' title='bbox 247 4981 338 5032; x_wconf 83' lang='lat' dir='ltr'><strong>ersten</strong></span> <span class='ocrx_word' id='word_1_284' title='bbox 356 4978 453 5048; x_wconf 89' lang='lat' dir='ltr'><strong>Hand,</strong></span> <span class='ocrx_word' id='word_1_285' title='bbox 478 4980 596 5036; x_wconf 76' lang='lat' dir='ltr'><strong>condem</strong></span> <span class='ocrx_word' id='word_1_286' title='bbox 613 4980 664 5035; x_wconf 90' lang='lat' dir='ltr'><strong>mit</strong></span> <span class='ocrx_word' id='word_1_287' title='bbox 682 4980 817 5036; x_wconf 85' lang='lat' dir='ltr'><strong>blasserer</strong></span> <span class='ocrx_word' id='word_1_288' title='bbox 834 4981 917 5037; x_wconf 83' lang='lat' dir='ltr'><strong>Tinte</strong></span> <span class='ocrx_word' id='word_1_289' title='bbox 935 4981 1114 5053; x_wconf 84' lang='lat' dir='ltr'><strong>geschrieben</strong></span> <span class='ocrx_word' id='word_1_290' title='bbox 1130 4980 1188 5034; x_wconf 90' lang='lat' dir='ltr'><strong>und</strong></span> <span class='ocrx_word' id='word_1_291' title='bbox 1210 4982 1261 5034; x_wconf 84' lang='lat' dir='ltr'><strong>mit</strong></span> <span class='ocrx_word' id='word_1_292' title='bbox 1281 4979 1468 5039; x_wconf 81' lang='lat' dir='ltr'><strong>blliulicherer</strong></span> <span class='ocrx_word' id='word_1_293' title='bbox 1485 4982 1568 5038; x_wconf 82' lang='lat' dir='ltr'><strong>&#39;I’inte</strong></span> <span class='ocrx_word' id='word_1_294' title='bbox 1584 4977 1654 5036; x_wconf 66' lang='lat' dir='ltr'><strong>rubri</strong></span> 
     </span>
     <span class='ocr_line' id='line_1_38' title="bbox 248 5061 324 5117; baseline 0 0"><span class='ocrx_word' id='word_1_295' title='bbox 248 5061 324 5117; x_wconf 82' lang='lat' dir='ltr'><strong>ciart</strong></span> 
     </span>
    </p>
   </div>
   <div class='ocr_carea' id='block_1_16' title="bbox 0 0 1882 6150">
    <p class='ocr_par' dir='ltr' id='par_1_21' title="bbox 0 0 1882 6150">
     <span class='ocr_line' id='line_1_39' title="bbox 0 0 1882 6150; baseline 0 0"><span class='ocrx_word' id='word_1_296' title='bbox 0 0 1882 6150; x_wconf 95' lang='lat' dir='ltr'><strong> </strong></span> 
     </span>
    </p>
   </div>
  </div>
 </body>
</html>
