3756 6158
242 454 302 519 334
732 451 783 502 Die
807 449 1025 515 philosophische
1044 448 1170 502 numus

242 654 314 698 rum
339 654 399 719 per
426 630 584 697 decanum
606 630 779 697 facultatis.
817 630 871 696 Ad
892 655 973 720 quas
995 631 1136 698 decanus
1156 641 1188 697 et
1208 632 1448 699 examinatores
1467 629 1653 713 transibunt,

242 741 274 796 et
298 730 410 796 volens
437 729 576 817 aliquem
605 729 776 796 admittere
802 740 902 816 ponat
929 731 998 796 sine
1024 730 1098 798 dolo
1125 741 1157 796 et
1183 730 1298 797 fraude
1325 733 1432 818 pisum
1461 730 1505 795 ad
1533 732 1654 795 mitram

243 833 356 919 ipsius,
382 828 496 895 volens
522 839 628 895 autem
650 832 772 895 reicere
800 840 902 917 ponat
927 829 1039 897 eodem
1060 829 1156 897 modo
1176 829 1339 917 lapillum3
1368 852 1433 918 qua
1451 830 1655 918 imposicione

242 952 303 1018 pro
330 928 480 995 omnibus
507 951 608 1016 usque
635 929 679 995 ad
707 928 804 994 finem
832 928 1002 1020 completa,
1027 929 1087 995 fiat
1109 930 1299 1001 scrutinium
1324 931 1494 994 mitrartm
1514 930 1549 993 in
1570 950 1655 1015 prae-

201 1040 218 1095 5
244 1030 348 1094 sentia
369 1028 484 1093 decani
506 1036 538 1093 et
564 1029 820 1093 examinatorum
842 1030 994 1112 omnium,
1022 1029 1201 1095 inchoando
1224 1052 1245 1094 a
1264 1029 1438 1117 principio.
1478 1028 1526 1093 Et
1548 1029 1577 1094 si
1596 1028 1653 1092 nia

242 1130 316 1215 pisa
336 1129 371 1192 in
388 1128 484 1192 mitra
505 1126 641 1193 alicuius
661 1126 874 1215 promovendi
895 1126 938 1191 ad
958 1128 1062 1193 minus
1089 1130 1222 1193 inventa
1248 1128 1376 1210 fuerint,
1406 1128 1451 1192 sit
1481 1127 1654 1209 admissura

242 1228 271 1292 si
292 1235 398 1292 autem
418 1236 485 1292 tres
506 1225 610 1314 lapilli
631 1226 674 1291 ad
693 1228 798 1291 minus
820 1226 867 1292 ibi
887 1228 1009 1293 inventi
1029 1227 1158 1311 fuerint,
1180 1229 1223 1293 sit
1243 1229 1392 1312 reiectus,
1412 1226 1541 1316 absque
1555 1225 1654 1314 aliqua

240 1325 386 1391 ulteriori
416 1325 523 1393 vocali
552 1326 750 1392 induccione.
790 1325 835 1413 Et
865 1325 971 1392 nullus
1002 1327 1231 1415 magistrorum
1261 1326 1320 1393 sub
1352 1348 1414 1393 sua
1446 1326 1653 1409 consciencia,

251 1424 329 1515 quid
350 1426 549 1513 imposuerit,
565 1425 668 1515 debet
688 1423 784 1490 alicui
805 1424 977 1491 revelara¹
1036 1464 1039 1469 ·

204 1636 236 1692 10
339 1631 388 1692 47.
418 1642 466 1690 nn
487 1640 780 1716 unsrorsroumcs
800 1606 922 1692 canna
941 1643 1015 1697 aaa
1031 1642 1198 1692 cnosson
1218 1642 1465 1693 rnouovmrnrs
1486 1642 1561 1693 sou

834 1741 1067 1791 sacrararum.

323 1873 406 1938 Item
427 1872 567 1949 decanus
589 1873 649 1939 sub
671 1892 776 1962 poena
795 1874 930 1961 periurii
949 1873 1027 1939 nulli
1049 1874 1269 1962 promovendo
1285 1896 1345 1963 per
1362 1874 1462 1940 sevel
1485 1834 1546 1964 per
1562 1872 1654 1940 aliun

243 1983 364 2039 certam
390 1974 635 2061 responsionem
662 1971 758 2038 debet
784 1974 962 2059 assignare,
990 1995 1051 2038 nec
1077 1975 1180 2039 eciam
1205 1972 1492 2040 vicecancellarius
1519 1974 1653 2040 existens

245 2072 286 2139 de
308 2072 461 2139 facultate
482 2072 615 2155 arcium,
637 2071 696 2137 sub
720 2071 833 2136 eadem
853 2094 969 2159 poena.

205 2282 236 2339 1⁵
275 2277 325 2341 48.
345 2287 529 2356 nnpronus
550 2287 819 2336 nonasrsrrcmrr
837 2285 1105 2353 ammiramis
1125 2288 1171 2338 nr
1192 2291 1239 2339 nn
1259 2289 1480 2341 nausearum
1500 2289 1623 2340 racon-

823 2387 923 2438 rams
943 2384 1082 2437 manau.

821 2525 880 2588 Vgl.
902 2538 926 2577 a.
944 2523 984 2575 St
1002 2524 1044 2592 tt,
1061 2526 1084 2578 t.

327 2657 409 2723 Item
427 2655 532 2722 nullus
553 2655 686 2722 accione
706 2652 758 2721 vel
778 2654 913 2739 ulcione,
935 2679 994 2743 per
1016 2679 1051 2722 se
1069 2655 1121 2724 vel
1151 2657 1339 2746 paralium,
1361 2656 1485 2726 ditm
1507 2657 1561 2726 vel
1583 2657 1655 2726 indi·

247 2767 345 2842 recte,
371 2755 471 2822 verbo
497 2755 550 2821 vel
574 2756 661 2823 facto
685 2753 738 2820 vel
763 2777 954 2843 quocunque
980 2754 1043 2821 alio
1071 2757 1168 2824 modo
1194 2759 1328 2845 impetat
1354 2758 1407 2825 vel
1434 2757 1585 2826 molestet
1608 2756 1656 2824 ali·

207 2867 345 2944 20quem
372 2856 413 2921 de
439 2856 605 2942 magistris
631 2853 682 2920 vel
713 2853 987 2921 examinatoribus
1012 2877 1073 2942 pro
1100 2879 1147 2941 eo,
1178 2857 1264 2945 quod
1290 2857 1429 2948 aliquem
1460 2857 1502 2924 de
1528 2858 1597 2925 suis
1620 2856 1658 2923 ad

249 2956 386 3044 gradum
413 2955 592 3040 magisterii
612 2952 665 3019 vel
693 2951 931 3041 baccalariatus
958 2975 1000 3017 ex
1026 2977 1125 3022 causa
1151 2954 1342 3024 racionabili
1368 2981 1434 3025 non
1458 2958 1595 3045 admisit
1612 2956 1659 3022 vel

249 3059 352 3122 eciam
373 3049 510 3120 eundem
534 3055 627 3119 iuxta
651 3051 888 3118 conscienciam
910 3074 1002 3135 suam
1022 3067 1054 3119 et
1074 3056 1289 3122 iuramentum
1309 3068 1474 3146 tamquam
1496 3057 1659 3147 indignum

247 3155 365 3221 reiecit
404 3152 610 3220 Contrarium
629 3152 751 3218 faciens
771 3152 858 3218 ultra
878 3163 1003 3218 reatcrm
1023 3155 1168 3241 periurii,
1194 3156 1282 3243 quod
1306 3156 1380 3245 ipso
1405 3157 1493 3223 facto
1519 3157 1660 3238 incurrit,

249 3264 281 3318 et
303 3263 428 3319 centum
448 3251 645 3318 florenorum
670 3274 817 3339 poenam,
843 3275 979 3340 quorum
1005 3251 1161 3318 medietas
1190 3251 1284 3318 cedat
1309 3252 1357 3320 illi
1382 3254 1436 3321 vel
1464 3254 1542 3341 illis,
1572 3276 1660 3342 quern

209 3352 304 3418 tovel
325 3375 406 3440 quos
425 3353 473 3417 sic
492 3352 619 3439 impetit
638 3350 690 3417 vel
711 3349 871 3435 molestat,
893 3346 977 3438 [6οὓ]
1000 3351 1065 3418 alia
1083 3351 1240 3421 medietas
1263 3352 1357 3419 cedat
1374 3354 1533 3438 facultati,
1565 3354 1660 3421 ecilin

249 3460 404 3538 perpetue
430 3473 450 3515 a
478 3448 631 3516 facultate
657 3452 781 3516 ardum
806 3451 848 3517 sit
874 3449 1033 3516 exclusus.
1074 3451 1216 3517 Tenetur
1241 3454 1344 3519 eciam
1370 3453 1512 3521 facultas
1541 3452 1590 3520 illi
1613 3452 1660 3518 vol

250 3549 324 3635 illis,
354 3551 408 3637 qui
430 3550 476 3614 sic
500 3550 664 3636 impetitur
685 3547 737 3613 vel
763 3550 968 3635 impetuntur,
995 3549 1183 3616 molestatur
1203 3551 1255 3616 vel
1283 3551 1506 3638 molestantur,
1537 3553 1660 3620 realiter

251 3673 325 3714 cum
345 3649 460 3714 effectu
481 3649 632 3713 assistere
653 3659 698 3730 et,
727 3648 755 3712 si
776 3670 856 3735 opus
878 3649 988 3730 fuerit,
1016 3650 1119 3714 eciam
1141 3649 1200 3716 sub
1222 3653 1374 3739 expensis
1399 3652 1566 3727 facultatis
1590 3674 1659 3740 pro

250 3750 332 3837 priis
353 3748 489 3814 eundem
510 3746 563 3813 vel
583 3746 721 3830 eosdem,
749 3749 851 3812 eciam
875 3770 895 3812 a
916 3747 1168 3836 quibuscunque,
1193 3752 1268 3816 totis
1289 3750 1414 3816 viribus
1435 3750 1605 3818 defensare
1623 3760 1658 3831 et

211 3858 408 3936 30quanmm
425 3846 460 3910 in
479 3868 518 3912 ea
536 3844 643 3930 fcerit,
664 3870 851 3913 assecurare
871 3870 931 3913 nec
951 3869 1016 3913 non
1035 3847 1177 3915 totaliter
1199 3849 1397 3936 exbrigare.²

301 4051 351 4114 49.
375 4061 469 4126 Quor
492 4062 614 4113 ocoss1
636 4063 798 4112 esmona
819 4063 982 4113 amanus
1002 4064 1025 4112 s
1045 4061 1291 4113 raouovnunm
1311 4064 1427 4114 sacrm
1448 4064 1612 4116 rossum.
1707 4024 1710 4033 ¹

823 4201 883 4264 Vssls
899 4215 924 4251 a.
945 4199 982 4251 St.
1002 4199 1042 4264 26,
1060 4199 1084 4251 9.

336 4332 417 4400 Item
436 4353 497 4397 neo
517 4331 657 4397 decanus
681 4353 742 4396 nec
769 4330 887 4418 aliquis
913 4332 1170 4397 examinatorum
1196 4353 1217 4396 a
1244 4329 1495 4402 baocalariando
1521 4344 1656 4425 tempore

252 4435 411 4501 examinis
433 4432 542 4520 capiat
562 4430 614 4496 vel
642 4432 741 4497 faciat
768 4432 843 4518 capi
868 4429 954 4495 ultra
975 4451 1034 4494 sex
1058 4452 1201 4517 grossos,
1227 4439 1259 4495 et
1285 4453 1306 4495 a
1331 4434 1556 4518 magistrando
1581 4433 1656 4500 oltra

213 4532 585 4700 ttgprcpmfgcplptlptpoena
605 4532 749 4618 periurii,
771 4529 909 4618 demptis
930 4539 1036 4595 tamen
1057 4531 1212 4616 pecmriis,
1234 4550 1314 4616 quaa
1336 4553 1396 4619 pro
1418 4532 1500 4600 locis
1519 4545 1654 4601 tenemm

333 4903 344 4954 1
365 4894 510 4975 Beachluas
526 4912 588 4951 vom
605 4899 644 4952 30.
662 4896 774 4973 Auget
793 4899 864 4974 1436.

330 4985 345 5036 2
364 4979 510 5037 Beschlnss
526 4997 589 5036 rom
607 4986 644 5037 11.
663 4974 784 5035 October
803 4982 875 5034 1436.
