3810 6150
707 508 759 557 Die
776 507 894 559 Stswten
911 523 974 559 vom
991 510 1073 560 Jahrs
1092 510 1165 562 1543.
1582 513 1639 576 291

228 709 298 751 nem
321 698 353 752 et
382 686 508 775 reliqua
530 700 596 774 'pro
618 689 849 755 consuetudine
875 698 1062 777 exequetur.
1103 690 1154 755 Eo
1178 689 1231 754 die
1258 691 1347 776 prius
1375 690 1504 776 publice
1533 714 1643 756 omnes

227 786 373 872 inquilini
402 786 445 851 ad
466 788 629 853 audienda
651 800 771 853 statuta
793 788 1035 853 contubernalis
1055 789 1317 853 convocabuntur
1338 801 1384 872 et,
1406 801 1442 854 ut
1460 794 1643 878 frequentes

228 886 349 969 adsint,
375 886 540 953 curabitur
562 911 582 953 a
602 890 768 974 magistris
790 897 937 974 quatuor,
960 888 1000 953 de
1022 888 1139 975 quibus
1158 911 1244 954 nunc
1261 889 1394 955 dicetur

304 1004 496 1089 Magistri
516 1015 692 1090 quatuor
715 1027 810 1069 curae
833 1014 864 1067 et
885 1004 1157 1070 administrationi
1177 1005 1384 1089 quotidianae
1406 1007 1644 1092 praeficiantur.

228 1101 295 1167 Hos
317 1102 463 1189 deligant
484 1105 629 1190 singulos
649 1106 699 1170 vel
722 1128 763 1170 ex
786 1127 821 1168 se
841 1103 893 1168 vel
915 1127 957 1168 ex
978 1104 1050 1169 aliis
1070 1106 1217 1169 nationes
1240 1117 1386 1191 quatuor,
1409 1109 1509 1170 itaut
1531 1105 1643 1173 electio
1671 1118 1686 1171 5

227 1201 354 1288 quidem
381 1204 423 1266 sit
443 1204 642 1290 singularum
664 1208 840 1286 nationum,
863 1203 920 1267 sed
942 1202 1045 1268 libera
1065 1204 1131 1286 illa,
1152 1215 1187 1269 ut
1207 1204 1260 1269 vel
1282 1205 1322 1268 de
1343 1228 1400 1269 suo
1422 1228 1567 1292 quaeque
1588 1206 1643 1270 ali-

227 1323 319 1384 quem
339 1324 473 1367 numero
495 1302 614 1388 eligere
636 1303 687 1368 vel
712 1327 754 1369 ex
777 1304 842 1368 alia
866 1302 1038 1388 designare
1060 1307 1173 1391 possit.
1213 1303 1278 1384 Qui
1301 1303 1418 1367 electus
1440 1306 1546 1386 fuerit,
1573 1329 1645 1392 pro-

226 1403 328 1465 mittet
348 1404 467 1466 rectori
485 1405 715 1485 universitatis,
738 1425 772 1467 se
793 1401 891 1467 velle:

304 1517 461 1602 Primum,
482 1521 693 1584 communiter
713 1518 1001 1584 administrationis
1021 1521 1191 1584 universae
1212 1540 1323 1583 curam
1345 1540 1458 1604 gerere
1479 1522 1645 1607 privatim·

227 1639 286 1703 que
306 1616 387 1682 nihil
408 1617 471 1682 sibi
490 1620 570 1682 iuris
592 1629 648 1683 aut
669 1619 851 1684 autoritatis
874 1617 1053 1682 vindicare.
1657 1632 1688 1686 10

308 1732 468 1817 Secundo,
495 1736 602 1799 omnia
623 1734 793 1800 commoda
820 1735 1058 1800 communitatis
1080 1756 1139 1821 pro
1160 1730 1246 1798 virili
1269 1757 1445 1822 procurare
1466 1745 1498 1800 et
1517 1760 1647 1824 augere,

229 1833 420 1899 detrimenta
441 1831 492 1898 vel
514 1844 660 1921 avertere
683 1833 733 1899 vel
755 1833 909 1899 indicare.

308 1932 430 2015 Tertio,
456 1931 497 1996 de
524 1932 622 1999 rebus
643 1931 865 1998 communibus
886 1931 1025 1997 fideliter
1048 1933 1082 1997 in
1104 1930 1245 1997 medium
1267 1931 1432 1996 consulere
1454 1943 1486 1998 et
1506 1935 1549 1999 ad
1570 1935 1647 2000 deli·

228 2032 408 2099 berationes
431 2032 633 2096 necessarias
655 2030 764 2097 sedule
785 2032 905 2096 venire.

309 2130 444 2215 Quarto,
465 2131 554 2196 nulla
569 2128 791 2197 conventicula
806 2129 931 2196 occulta
946 2139 1002 2194 aut
1017 2130 1271 2217 conspirationes
1287 2130 1394 2196 facere
1408 2154 1512 2219 neque
1531 2133 1690 2200 facien-15

227 2241 274 2297 tes
295 2230 451 2297 adiuvare
473 2230 678 2297 assentiendo
699 2228 984 2296 dissimulandove.

314 2347 448 2431 Quinto,
469 2349 517 2412 rei
538 2346 708 2413 familiaris
724 2345 925 2411 contubernii
942 2344 1129 2433 diligentem
1151 2355 1246 2433 atque
1260 2345 1388 2412 fidelem
1407 2370 1517 2413 curam
1537 2371 1651 2435 gerere

230 2459 262 2513 et
283 2448 427 2514 rationes
447 2469 521 2529 ,cum
542 2448 728 2543 praepositq
751 2445 815 2510 cibi
838 2444 1018 2532 praebendi
1040 2444 1178 2511 fideliter
1198 2457 1396 2533 computare.

311 2564 424 2646 Sexto,
444 2562 631 2649 praesidum
647 2563 824 2643 monitioni,
847 2563 1064 2647 castigationi,
1087 2563 1196 2645 etiam,
1219 2565 1246 2628 si
1267 2584 1320 2627 res
1341 2562 1564 2648 postulaverit,
1585 2568 1651 2631 ani·

230 2665 447 2737 madversioni
467 2685 532 2727 non
551 2661 720 2746 refragari,
1658 2675 1693 2736 20

308 2763 354 2827 Hi
377 2761 532 2848 primario
555 2760 699 2845 praesidi
719 2781 908 2848 quocunque
928 2768 1083 2844 tempore,
1105 2771 1141 2825 ut
1163 2760 1330 2826 custodiae
1352 2765 1653 2850 conservationique

231 2873 260 2929 et
287 2863 382 2952 quasi
409 2859 529 2925 tutelae
554 2858 681 2943 collegii
708 2863 905 2946 praeposito,
933 2859 1073 2924 libenter
1094 2862 1127 2924 in
1150 2859 1298 2925 omnibus
1321 2863 1417 2925 certis
1439 2871 1471 2927 et
1492 2865 1652 2928 concessis

231 2959 457 3031 monitionibus
479 2958 621 3025 officiose
642 2957 911 3045 obtemperabunt
932 2969 964 3023 et
983 2957 1069 3023 illius
1091 2959 1132 3023 de
1153 2957 1250 3024 rebus
1271 2960 1494 3025 communibus
1508 2961 1651 3029 consiliis

230 3071 364 3127 utentum.
644 3126 647 3131 ,
741 3114 743 3118 .

308 3158 376 3225 Ubi
398 3166 505 3238 autem
536 3155 670 3242 singulis
693 3167 800 3223 certae
827 3168 939 3244 partes
969 3157 1099 3222 aedium
1129 3158 1315 3242 assignatae
1344 3156 1474 3241 fuerint,
1504 3162 1693 3246 quamvis25

228 3282 305 3326 cura
327 3258 551 3323 universarum
572 3257 653 3343 ipsis
679 3255 861 3340 incumbat,
891 3256 966 3323 illas
992 3266 1101 3321 tamen
1124 3254 1213 3322 velut
1242 3257 1393 3342 proprias
1422 3269 1531 3344 partes
1554 3282 1650 3347 pecu·

225 3356 350 3425 liariter
369 3357 454 3421 tueri
483 3354 654 3421 debebunt.
696 3355 770 3421 Erit
791 3367 901 3421 autem
922 3355 1174 3440 uniuscuiusque
1196 3377 1236 3419 ex
1258 3354 1310 3419 bis
1331 3356 1504 3422 trimestris
1527 3361 1652 3424 curatio

224 3456 389 3544 quaedam
410 3454 583 3542 generalis.
615 3453 680 3519 Hic
703 3466 867 3521 eteorum
888 3457 1030 3536 nomina,
1053 3456 1109 3540 qui
1129 3452 1171 3519 ad
1192 3453 1396 3520 incolendum
1416 3458 1654 3524 vescendumve

223 3556 438 3623 admittentur
459 3555 493 3619 in
515 3552 685 3639 collegium
705 3554 886 3638 Paulinum,
914 3555 1050 3642 recipiet
1076 3562 1108 3618 et
1134 3552 1303 3619 annotabit
1325 3565 1358 3619 et
1380 3554 1488 3620 claves
1509 3567 1654 3644 tempore

221 3653 288 3723 hoc
307 3665 383 3723 -toto
409 3653 496 3721 solus
517 3676 617 3740 penes
640 3676 676 3717 se
696 3652 840 3737 babebit,
867 3665 899 3719 et
926 3652 1040 3719 fumidi
1059 3651 1137 3718 huie
1163 3653 1205 3716 ad
1232 3676 1343 3718 omnes
1370 3654 1552 3721 ordinarias
1580 3657 1695 3722 tun-30

220 3758 350 3823 ctiones
371 3760 501 3842 praesto
523 3762 624 3819 erunt
664 3752 757 3817 Idem
777 3752 920 3835 curabit,
947 3761 983 3818 ut
1010 3751 1109 3817 aedes
1131 3760 1163 3816 et
1190 3750 1382 3819 claudantur
1403 3764 1436 3818 et
1456 3758 1653 3842 aperiantur.

219 3853 427 3928 claudentur
447 3863 555 3919 autem
576 3853 705 3938 vesperi
726 3851 842 3937 hyeme
869 3851 951 3916 hora
980 3873 1076 3934 nona,
1104 3852 1290 3937 aperientur
1316 3854 1429 3939 quinta
1453 3876 1558 3921 mane.
1600 3855 1654 3920 Ad

218 3952 528 4020 boram'decimam
556 3959 679 4016 aestate
708 3948 906 4033 claudentur,
937 3961 1055 4038 quarta
1082 3972 1177 4015 mane
1206 3952 1400 4036 aperientur.
1437 3953 1553 4019 Partes
1575 3978 1667 4037 vero

220 4052 356 4121 sedium
386 4073 513 4140 quoque
536 4060 680 4137 tempore
709 4072 730 4115 a
759 4049 897 4135 singulis
927 4048 1039 4116 sedulo
1062 4059 1095 4114 et
1122 4050 1334 4136 inspicientur
1360 4061 1393 4116 et
1423 4053 1653 4119 custodientur.
1701 4090 1707 4098 »

216 4149 316 4221 Illius
338 4174 415 4221 vero
441 4148 605 4238 generalis
626 4150 802 4215 curationis
821 4172 881 4235 per
902 4149 991 4215 vices
1013 4149 1149 4215 mutatio
1170 4149 1240 4213 erit.
1281 4148 1328 4215 Ut
1353 4148 1506 4237 discipuli
1526 4151 1694 4238 pudiosa

218 4251 367 4341 placide,
386 4251 521 4317 honeste
542 4247 672 4335 degant,
693 4250 903 4327 communiter
925 4270 1036 4314 omnes
1057 4246 1226 4331 videbunt,
1247 4248 1353 4313 victus
1372 4271 1501 4336 quoque
1520 4260 1555 4316 ut
1575 4260 1653 4316 tem·

219 4374 307 4441 pore
328 4349 537 4438 praebeatur,
559 4349 641 4415 hora
662 4348 793 4435 prandii
818 4348 955 4432 decima,
982 4368 1102 4412 coenae
1124 4348 1236 4433 quinta
1257 4345 1348 4431 hora,
1370 4358 1402 4412 et
1421 4358 1457 4413 ut
1479 4349 1654 4415 secundum

219 4451 520 4539 praescriptionem
540 4450 763 4514 universitatis
790 4447 998 4534 praebeatur,
1026 4445 1252 4511 observabunt
1291 4445 1334 4529 ls,
1363 4449 1453 4512 cuius
1482 4451 1653 4515 trimestris

218 4552 352 4617 curatio
374 4547 537 4635 generalis
559 4551 629 4631 erit,
649 4549 796 4613 instituet
815 4549 911 4613 etiam
933 4546 1184 4632 disputationem
1206 4545 1381 4610 serotinam
1402 4569 1498 4612 unam
1520 4549 1655 4634 singulis

216 4645 495 4733 bebdomadibus,
515 4671 618 4737 eaque
639 4657 675 4714 ut
696 4654 872 4735 peragatur
894 4648 963 4712 sine
983 4643 1181 4710 turbulentia
1208 4652 1241 4709 et
1267 4654 1304 4708 ut
1332 4645 1396 4710 sint
1422 4646 1568 4715 eruditae
1589 4646 1696 4714 dis-io

219 4748 420 4836 potationes,
444 4770 579 4836 operam
598 4770 658 4836 pro
680 4746 805 4813 viribus
826 4744 929 4813 dabit.

308 4862 535 4952 Discipuli
568 4863 646 4950 quid
675 4863 784 4931 facere
813 4863 959 4929 vitareve
994 4858 1134 4926 debeant
1168 4869 1201 4925 et
1236 4867 1421 4946 oporteant,
1451 4861 1549 4948 paulo
1579 4874 1655 4952 post

225 4958 545 5033 commemorabitur.
713 5022 716 5027 .
867 4998 871 5038 2
964 5031 967 5037 Α

307 5062 363 5131 De
383 5063 458 5129 cibo
480 5062 670 5129 instruendo
691 5059 951 5150 praebendoque,
971 5058 1076 5146 deque
1096 5067 1165 5124 tota
1184 5056 1394 5123 re'familiari
1415 5060 1524 5125 onmia
1542 5083 1655 5147 geren-

227 5175 281 5231 tur
303 5174 401 5253 atque
422 5164 501 5231 fient
521 5161 699 5229 secundum
726 5161 1014 5250 praescriptionem
1035 5158 1258 5225 universitatis
1279 5166 1410 5223 nostrae
1430 5180 1557 5302 qupque
1575 5170 1640 5227 tem
1662 5173 1696 5229 ts

1422 5263 1458 5325 19
