3756 6158
249 477 309 539 520
738 470 788 520 Die
807 468 1027 533 philosophische
1043 469 1171 520 Facalrtt.

248 655 398 720 habuerit
424 651 623 734 mandatum,
649 654 683 718 in
711 653 844 718 consilio
872 651 1112 717 communitatis
1140 650 1240 716 studii
1267 650 1427 716 bonarum
1453 650 1573 714 artium
1600 649 1672 712 reti-

246 758 317 820 neri
339 766 370 818 et
390 752 543 816 mandato
572 752 738 817 doctrinae
766 776 898 818 munere
924 753 1016 838 fungi
1039 749 1143 816 debet.
1187 751 1222 816 si
1250 752 1284 815 in
1312 750 1376 814 alio
1406 770 1527 835 genere
1548 759 1580 813 et
1609 747 1674 812 alia

247 854 476 919 communitate
498 850 626 938 publice
640 851 756 917 docere
772 854 925 940 eoeperit,
947 851 1038 917 locus
1059 849 1134 916 dein
1153 852 1187 915 in
1201 850 1432 915 communitate
1453 847 1554 914 studii
1573 846 1673 913 bona-

245 976 316 1018 rum
342 954 459 1017 artium
480 951 528 1016 illi
548 950 686 1037 relinqui
707 975 772 1017 non
794 953 921 1039 poterit.

203 1131 219 1185 5
754 1137 801 1183 DE
822 1135 1001 1184 ELIGENDO
1022 1135 1172 1184 bucano.

858 1255 964 1318 Caput
982 1253 1058 1304 1111.

328 1368 382 1432 Ex
403 1369 465 1432 isto
490 1367 616 1431 consilii
638 1367 760 1453 publici
783 1390 920 1454 corpore
940 1389 1068 1455 quoque
1091 1365 1237 1431 semestri
1258 1365 1386 1451 legatur
1408 1362 1562 1445 deosum,
1593 1363 1675 1427 serie

246 1467 402 1532 hactenus
430 1465 613 1548 observata,
642 1489 706 1552 qua
734 1477 871 1552 quatuor
898 1469 1045 1532 nationes
1073 1474 1147 1531 sunt
1171 1464 1357 1551 dispositae.
1400 1462 1546 1548 Legetur
1568 1472 1674 1527 autem

246 1567 308 1631 hoc
338 1564 443 1630 modo.
487 1565 648 1651 Tempore
677 1577 708 1631 et
736 1566 807 1631 loco
838 1568 1009 1631 constituto
1040 1565 1181 1631 decanus
1218 1565 1268 1628 sui
1303 1564 1468 1627 semestris
1506 1560 1674 1627 consilium

208 1677 238 1731 10
248 1664 455 1746 convocabit,
485 1675 516 1729 et
543 1662 583 1728 de
611 1664 715 1729 tribus
738 1665 923 1730 nationibus
952 1676 1046 1730 extra
1074 1688 1155 1747 eam,
1186 1665 1276 1728 cuius
1303 1661 1447 1726 decanus
1474 1660 1541 1745 legi
1573 1660 1674 1742 debet,

247 1774 333 1830 sorte
355 1764 512 1828 ducentur
533 1773 599 1827 tres
623 1787 664 1829 ex
686 1765 819 1830 consilio
843 1763 983 1851 publico.
1025 1763 1087 1829 His
1110 1764 1311 1851 professores
1333 1759 1487 1848 publicae
1510 1759 1675 1825 doctrinae

247 1863 393 1929 similiter
415 1865 511 1927 trium
532 1865 698 1928 nationum
720 1862 848 1928 illarum
870 1872 994 1927 tautum
1016 1862 1249 1948 adiungentur,
1278 1870 1376 1947 atque
1396 1859 1439 1924 ab
1461 1858 1514 1923 his
1536 1858 1674 1923 decanus

246 1961 479 2048 designabitur,
515 1963 624 2026 statim
657 1960 738 2027 hora
771 1971 803 2026 et
833 1961 904 2027 loco
938 1961 992 2027 illo
1022 1972 1206 2026 conventus.
1250 1959 1313 2026 Cui
1342 1959 1475 2046 plurimi
1507 1957 1674 2043 suffragati

246 2064 374 2143 t'uerint,
402 2065 430 2125 is
454 2059 719 2154 pronunciabitur
741 2059 893 2124 decanus.
936 2060 972 2126 Si
995 2061 1152 2145 suffragia
1173 2059 1305 2124 diversa
1325 2060 1409 2124 farte
1431 2056 1584 2144 aequalia
1605 2058 1674 2138 sint,

207 2174 237 2226 15
249 2166 304 2249 qui
324 2171 391 2225 tum
421 2159 535 2224 decani
557 2183 672 2224 munus
694 2169 794 2245 geret,
819 2160 858 2241 is,
885 2162 949 2224 utri
971 2162 1057 2247 parti
1078 2158 1174 2241 volet,
1203 2159 1354 2223 assentiri
1374 2158 1496 2244 poterit
1517 2168 1674 2226 etacces·

247 2263 335 2325 sione
358 2259 505 2343 suffragii
526 2258 622 2323 huius
643 2281 746 2324 novus
776 2258 918 2323 decanus
942 2258 1114 2323 creabitur.
1155 2256 1202 2323 Ut
1228 2267 1333 2322 autem
1361 2256 1446 2321 hanc
1477 2257 1673 2322 curationem

246 2361 301 2424 uni
325 2358 438 2422 crebra
462 2357 608 2423 mandari
630 2381 695 2421 non
715 2368 851 2444 oportet,
882 2360 909 2423 si
933 2359 1023 2442 alter,
1048 2355 1265 2442 qainondam
1287 2357 1398 2442 gessit,
1421 2366 1556 2443 praesto
1580 2357 1621 2421 sit
1643 2366 1672 2418 et

245 2461 274 2522 is
297 2479 367 2522 esse
389 2459 599 2538 existimetur,
629 2458 684 2542 qui
714 2479 755 2520 ex
782 2456 920 2522 utilitate
948 2455 1079 2544 publica
1104 2457 1298 2543 magistratu
1326 2455 1389 2520 hoe
1409 2456 1581 2520 functurus
1606 2476 1672 2518 esse

245 2557 410 2624 videatur:
453 2558 509 2639 sic,
539 2578 575 2620 re
596 2566 628 2620 et
648 2566 793 2643 tempore
814 2548 999 2643 postulante
1021 2567 1077 2621 aut
1099 2555 1338 2622 commoditatis
1360 2556 1488 2621 ratione
1510 2552 1672 2633 suadente,

204 2662 276 2722 tois
298 2657 363 2742 legi
384 2656 512 2741 poterit,
543 2655 595 2718 cui
616 2667 690 2721 ante
712 2678 840 2743 quoque
863 2654 978 2720 decani
1007 2657 1130 2720 curatio
1159 2655 1226 2720 lata
1253 2655 1320 2720 linit
1361 2653 1466 2740 quue
1489 2655 1517 2718 si
1540 2652 1671 2732 accida,

248 2753 312 2843 [tt]
341 2779 405 2820 non
436 2755 598 2840 pertinere
630 2753 672 2819 ad
705 2754 802 2819 ullius
831 2765 1025 2820 contemtum
1055 2754 1303 2819 existimabitur.
1344 2753 1490 2818 Honeste
1521 2762 1671 2817 autema

246 2853 410 2919 veteribus
439 2854 646 2917 constitutum
668 2863 733 2935 est,
760 2863 795 2917 ut
822 2853 994 2918 ambitiosa
1016 2854 1178 2941 cupiditas
1199 2856 1233 2918 in
1255 2852 1436 2918 affectanda
1459 2851 1521 2917 hoc
1544 2874 1671 2917 munere

247 2976 359 3018 severe
380 2951 700 3018 animadverteretur.
724 2952 807 3017 Nam
830 2963 862 3018 et
882 2956 1096 3039 gravissimus
1119 2963 1213 3019 autor
1229 2952 1322 3018 Plato
1344 2950 1515 3040 praeclare
1535 2952 1670 3039 scripsit,

246 3076 302 3118 eos
323 3055 462 3139 optimos
485 3053 695 3138 magistratus
717 3074 798 3134 esse,
820 3055 874 3138 qui
896 3052 1034 3118 honores
1057 3055 1189 3117 minime
1210 3061 1408 3139 appeterent.

206 3227 239 3283 25
724 3236 771 3284 DE
793 3235 921 3284 Ducant
944 3236 1183 3285 PROMISSIONE.

330 3351 494 3432 Decanus,
519 3352 574 3438 qui
594 3361 629 3414 ut
651 3359 748 3437 caput
770 3349 896 3415 consilii
919 3349 1040 3436 publici
1064 3373 1103 3416 ea
1116 3340 1260 3434 ratione,
1283 3373 1367 3439 quae
1389 3351 1596 3437 praescripta
1615 3359 1670 3430 est,

247 3451 349 3515 lectus
371 3450 481 3530 fuerit,
510 3452 619 3514 statim
639 3473 755 3514 munus
777 3448 840 3514 hoe
861 3461 1011 3537 capesset
1032 3460 1064 3514 et
1086 3449 1271 3532 affirmabit,
1295 3449 1381 3515 bana
1403 3448 1477 3531 fide,
1499 3448 1589 3514 nulla
1610 3472 1670 3514 am·

249 3549 368 3614 bitiosa
402 3547 531 3630 fraude,
562 3549 708 3614 effectum
742 3572 822 3630 esse,
851 3560 886 3613 ut
915 3549 994 3613 illud
1023 3548 1086 3612 sibi
1114 3548 1331 3613 mandaretur.
1375 3549 1552 3614 Praeterea
1578 3551 1670 3614 iusiu-

246 3647 384 3714 randum
414 3646 507 3711 dabit
539 3649 572 3710 in
606 3647 685 3711 haec
716 3648 834 3712 verba:
874 3648 973 3735 „Ego
1004 3649 1050 3714 .N.
1081 3650 1166 3730 iuro,
1194 3671 1246 3712 me
1275 3670 1408 3712 munere
1437 3648 1499 3712 hoc
1529 3649 1670 3713 semestri

205 3759 239 3814 ³0
249 3747 425 3812 decanatus
452 3744 591 3810 fideliter
618 3756 649 3810 et
677 3746 787 3812 sedulo
818 3771 888 3812 esse
921 3750 1116 3828 functurum,
1146 3758 1178 3812 et
1206 3749 1448 3812 constitutiones
1478 3769 1517 3811 ac
1545 3746 1671 3812 decreta

248 3847 485 3911 communitatis
507 3855 636 3910 nostrae
657 3845 830 3931 diligenter
851 3856 1075 3928 executurum,
1098 3845 1312 3931 daturumque
1334 3868 1478 3933 operam,
1502 3857 1538 3912 ut
1558 3849 1670 3930 omnia,

247 3967 330 4033 quae
356 3945 398 4008 ad
429 3968 479 4008 mc
509 3945 715 4029 spectabunt,
745 3969 807 4031 quo
836 3946 878 4010 ad
900 3947 969 4009 fieri
992 3947 1125 4033 poterit,
1157 3968 1248 4009 ame
1272 3957 1450 4026 serventur,
1479 3956 1511 4009 et
1537 3968 1579 4010 ne
1605 3947 1670 4032 quis

247 4045 382 4111 aliorum
404 4046 575 4130 quicquam
595 4044 743 4130 neglectu
765 4057 820 4110 aut
841 4047 1022 4110 temeritate
1044 4068 1102 4110 sua
1126 4043 1330 4109 labefactet.“

329 4144 419 4208 Sciet
440 4145 537 4207 etiam
558 4142 698 4208 decanus
721 4145 834 4226 novus,
856 4146 981 4230 iniungi
1012 4144 1074 4210 sibi
1096 4145 1137 4209 de
1167 4143 1327 4209 communi
1354 4146 1517 4209 sententia
1538 4146 1669 4225 consilii,

204 4251 282 4307 35ut
307 4244 381 4328 ipsa
410 4254 530 4306 statuta
558 4244 666 4307 omnia
695 4246 933 4308 communitatis
962 4267 1059 4328 quam
1090 4247 1230 4331 primum
1258 4241 1456 4330 perlegendo
1490 4255 1670 4330 cognoscat,

246 4351 281 4406 ut
303 4342 487 4406 meminisse
509 4342 625 4427 possit,
653 4341 730 4426 quid
760 4364 885 4430 quoque
907 4354 1052 4429 tempore
1079 4366 1193 4407 curare
1214 4339 1399 4407 faciendum
1421 4353 1453 4406 et
1471 4343 1545 4429 ipse
1566 4344 1669 4408 facere

247 4439 373 4505 debeat.

642 4574 689 4620 DE
710 4573 976 4623 EXECUTORIBUS
996 4577 1042 4623 ΕΤ
1065 4575 1277 4624 cnavlaums.

868 4693 1031 4757 CaputV.

207 4834 240 4889 to
332 4820 377 4909 [S.
405 4821 451 4910 12]
477 4824 627 4888 Veterem
650 4823 912 4889 consuetudinem
942 4823 981 4888 de
1010 4823 1060 4890 his
1086 4825 1208 4912 placuit
1237 4827 1377 4909 servari,
1405 4836 1438 4891 et
1466 4829 1616 4896 similiter
1641 4832 1670 4894 in

248 4922 336 5003 aliis,
366 4945 449 5007 quae
482 4946 570 4988 more
599 4923 693 5004 fiunt,
728 4934 794 4987 tam
824 4923 863 4987 de
895 4924 1057 4988 seniorum
1089 4934 1249 4989 conventu
1279 4947 1375 5012 quam
1404 4926 1670 5013 inspectionibus,

247 5021 503 5103 visitationibus,
534 5022 754 5085 curationibus
783 5032 814 5085 et
842 5024 876 5086 in
905 5025 1020 5108 primis
1049 5022 1089 5088 de
1118 5023 1286 5109 diligentia
1313 5025 1479 5090 tractandi
1511 5028 1669 5115 publicam

248 5121 417 5206 pecuniam
440 5131 471 5183 et
491 5120 667 5184 referendis
689 5122 878 5203 rationibus,
906 5123 1046 5207 itemque
1076 5125 1222 5203 caeteris,
1250 5145 1333 5208 quae
1363 5123 1426 5189 hac
1454 5124 1669 5216 descriptione
