3756 6158
732 525 784 574 Die
798 525 918 575 Statue·
938 540 1000 575 vom
1015 527 1099 575 Jahn
1120 532 1184 576 1110

734 709 803 774 ¹3.¹
839 727 1184 778 attoarensium.

328 848 352 905 1.
379 838 416 903 si
444 843 517 925 quis
545 840 587 904 de
609 843 789 927 suppositis
811 844 1031 906 universitatis
1053 865 1125 906 cum
1147 841 1284 921 balista,
1310 840 1422 926 gladio
1441 841 1496 906 vel
1515 841 1592 906 aliis
1614 864 1665 905 ar·

243 942 303 1004 ruis
332 939 554 1025 deprehensus
581 941 678 1005 luerit
706 941 757 1005 vel
784 941 826 1006 de
846 941 909 1007 boe
927 944 1109 1021 convietus,
1135 940 1250 1027 perdet
1270 940 1438 1022 balistam,
1466 941 1616 1028 gladium
1636 950 1668 1006 et

243 1039 309 1104 alia
328 1061 431 1117 arma,
456 1058 489 1104 et
509 1040 596 1104 ultra
617 1040 680 1104 boc
701 1039 805 1104 solvet
825 1043 1030 1105 universitati
1052 1039 1225 1105 dimidium
1246 1039 1404 1105 florenum
1426 1063 1489 1129 pro
1509 1063 1629 1128 poena

216 1168 234 1221 5
325 1160 356 1221 2
383 1154 464 1219 Item
491 1155 613 1219 nullum
641 1158 846 1242 suppositum
871 1158 1093 1221 universitatis
1113 1156 1269 1221 densete
1287 1166 1363 1242 post
1382 1155 1514 1243 pulsnm
1535 1178 1668 1244 campa·

245 1278 307 1321 nae
336 1256 491 1341 praetorii
519 1254 643 1339 absque
668 1256 829 1341 legittima
857 1268 890 1320 et
916 1255 1109 1321 racionabili
1138 1278 1237 1320 causa
1266 1252 1354 1343 [10¹]
1361 1305 1372 1336 ,
1402 1254 1445 1320 de
1465 1279 1532 1343 qua
1552 1255 1672 1322 docus

247 1355 367 1423 debeat
389 1376 498 1419 ωηιη
520 1356 743 1435 universitate,
764 1357 797 1418 in
819 1357 951 1420 civitate
972 1370 1029 1419 sut
1049 1366 1145 1419 extra
1164 1357 1198 1419 in
1219 1353 1387 1420 suburbiis
1402 1355 1557 1442 vagando
1571 1352 1673 1421 vadat

246 1470 304 1521 aut
330 1455 490 1520 clamores
515 1456 648 1519 suscitet
675 1468 732 1519 aut
759 1457 851 1540 ignes
871 1454 1010 1519 velulis
1030 1454 1144 1520 illicita
1164 1455 1252 1518 lecta
1272 1466 1454 1541 perpetret,
1480 1453 1544 1519 snb
1566 1476 1672 1543 poena

245 1554 343 1621 medii
370 1554 485 1619 doreni
514 1566 571 1618 aut
598 1553 660 1618 sub
687 1577 794 1641 poena
823 1554 1020 1618 exclusionis
1048 1568 1082 1618 et
1107 1556 1277 1618 cmencise
1299 1553 1488 1619 libertatum
1508 1561 1543 1618 et
1564 1576 1671 1621 como

206 1656 362 1721 ludorum
382 1653 482 1717 studii
502 1654 595 1717 iuxta
614 1653 814 1718 voluntatem
837 1663 871 1718 et
890 1652 1061 1717 urbicium
1080 1654 1316 1717 universitatis.

328 1773 359 1835 3.
384 1768 466 1833 ltem
485 1767 601 1833 ludens
621 1770 655 1832 in
676 1767 821 1832 tabernis
842 1768 982 1856 publicis
1002 1768 1046 1833 ad
1064 1766 1198 1833 taxilles
1218 1778 1251 1832 et
1271 1769 1313 1833 de
1335 1770 1397 1834 boc
1416 1770 1587 1835 convictus
1609 1770 1670 1835 sol·

245 1882 301 1936 ret
320 1892 418 1935 unum
441 1867 609 1933 florenum
651 1866 687 1932 Si
712 1867 905 1934 secumdurio
917 1870 952 1933 in
961 1867 1023 1933 boc
1036 1866 1258 1955 deprehensus
1271 1868 1377 1950 fuerit,
1400 1866 1505 1935 solvet
1518 1866 1671 1957 duplum;

246 1972 275 2037 si
302 1970 421 2051 tercio,
447 1967 590 2055 triplum.
638 1967 760 2032 Since
787 1966 894 2032 adbuc
920 1990 956 2032 se
982 1967 1224 2050 emendaverit,
1251 1967 1406 2033 citabitur
1430 1967 1476 2033 sd
1502 1968 1674 2035 consilium

247 2068 486 2150 universitatis,
508 2078 540 2131 et
561 2066 641 2131 illud
664 2066 800 2132 dictabit
820 2089 960 2153 poenam
980 2066 1175 2133 exclusionis
1196 2067 1249 2132 vel
1270 2067 1385 2150 aliem,
1405 2077 1502 2155 prout
1523 2066 1599 2155 plus
1621 2068 1669 2134 vi·

209 2168 382 2236 redebitur
400 2166 566 2253 expedire.

333 2290 362 2350 d
390 2283 470 2348 ltem
503 2283 530 2346 si
559 2283 632 2370 quis
661 2282 703 2347 de
724 2282 902 2369 suppositis
923 2283 1145 2347 universitatis
1165 2281 1258 2347 illum
1277 2283 1405 2366 ludum,
1434 2284 1491 2371 qui
1510 2281 1672 2366 „liberm

248 2384 374 2452 forum“
396 2383 608 2447 communiter
629 2380 828 2470 appellatur,
855 2383 1038 2446 exercuerit
1063 2382 1114 2447 vel
1136 2380 1213 2447 dum
1234 2392 1403 2447 exercetur
1424 2404 1584 2469 praesens
1606 2380 1673 2447 fne-

249 2488 293 2551 rit
321 2494 378 2549 aut
403 2480 493 2546 illum
518 2481 745 2546 exercentibus
768 2482 984 2562 consenserit,
1015 2479 1121 2545 solvet
1139 2504 1200 2568 pro
1221 2504 1328 2569 poena
1347 2504 1444 2546 unam
1464 2479 1601 2547 bursam
1622 2478 1675 2547 vel

248 2592 374 2651 tantum
403 2590 559 2669 quantum
586 2602 647 2667 pro
674 2581 828 2668 expensis
848 2603 907 2667 per
928 2603 1026 2644 unam
1048 2578 1264 2646 ebdomadam
1286 2580 1412 2647 solvere
1433 2582 1618 2665 consuevit,
1645 2580 1674 2647 si

207 2680 337 2773 2⁰[ltlb]
359 2692 408 2747 est
429 2690 524 2745 extra
542 2680 687 2746 bursam.

334 2805 364 2864 5.
389 2797 470 2861 Item
491 2806 615 2879 rector,
644 2798 700 2884 qui
728 2819 789 2883 pro
810 2805 956 2884 tempore
975 2797 1088 2881 buerit,
1113 2795 1268 2884 deinceps
1295 2795 1356 2862 sub
1377 2797 1560 2863 iuramento
1583 2804 1675 2861 tene·

249 2901 337 2966 bitur
357 2908 550 2984 extorquere
571 2918 695 2982 poenas
716 2895 944 2962 excedeneium
965 2908 1081 2962 contra
1100 2906 1222 2962 statute
1240 2897 1477 2979 universitatis,
1503 2897 1599 2961 iuxta
1617 2894 1670 2963 de

250 2997 515 3065 terminacionem
536 3006 569 3061 et
590 2995 753 3061 decretum
776 3008 915 3084 quatuor
936 2998 1168 3082 magistrorum
1188 2997 1230 3062 de
1251 3006 1389 3085 quatuor
1404 2994 1598 3062 nacionibus
1611 2992 1676 3061 sibi

252 3097 469 3167 assidencium
492 3104 525 3160 et
545 3117 606 3182 pro
629 3094 753 3161 eisdem
774 3095 944 3181 exigendis
965 3094 1202 3181 deputatorum

210 3228 244 3284 25
334 3218 365 3280 6.
390 3212 472 3279 Item
494 3210 615 3277 nullum
640 3213 844 3299 suppositum
865 3211 1087 3277 universitatis
1108 3210 1205 3276 debet
1224 3213 1383 3298 impetere
1403 3213 1538 3279 accione
1557 3210 1612 3277 vel
1630 3209 1676 3277 nl·

253 3317 361 3393 eione,
389 3334 508 3399 perse
535 3310 587 3376 vel
615 3333 673 3398 per
697 3310 813 3394 alium,
843 3310 965 3377 directe
991 3310 1045 3375 vel
1065 3310 1239 3393 indirecte,
1271 3311 1373 3377 verbo
1394 3310 1446 3377 vol
1464 3311 1568 3394 fecto,
1593 3309 1677 3376 inlli-

251 3424 379 3503 gentem
400 3410 452 3477 vel
472 3411 654 3497 infligentes
677 3412 740 3476 sibi
761 3433 910 3498 poenam
931 3410 983 3475 vel
1005 3433 1128 3498 poenas
1149 3433 1209 3497 pro
1232 3412 1299 3474 suis
1314 3409 1502 3476 excessibus
1518 3420 1577 3476 aut
1590 3409 1679 3475 illam

254 3514 306 3579 vel
333 3512 408 3578 illas
434 3511 594 3576 dictantes
623 3521 679 3576 aut
701 3523 894 3597 extorquere
914 3513 1080 3591 iuvantes,
1111 3508 1171 3574 sub
1193 3532 1300 3596 poena
1320 3520 1450 3575 centum
1471 3509 1679 3591 florenorum,

255 3634 392 3703 quorum
413 3610 620 3676 medietatem
641 3610 725 3676 ultra
746 3621 871 3677 reatum
891 3611 1037 3699 periurii,
1058 3608 1146 3697 quod
1166 3611 1404 3675 contrafaciens
1424 3609 1586 3675 incurrit²
1607 3610 1679 3696 ipso

213 3714 359 3794 wiacto,
389 3709 491 3776 solvet
515 3707 562 3774 illi
589 3709 641 3775 vel
666 3710 746 3793 illis,
773 3733 867 3796 quem
896 3709 947 3776 vel
977 3733 1057 3797 quos
1086 3710 1133 3774 sic
1158 3709 1286 3795 impetit
1311 3720 1367 3774 aut
1386 3706 1554 3793 molestat5
1582 3707 1680 3774 uliam

255 3834 334 3878 vcro
354 3808 562 3875 medietatem
585 3808 689 3875 solvet
710 3812 921 3877 universitati
1308 3820 1309 3823 ’

340 3932 369 3993 7.
393 3926 474 3991 Item
500 3927 697 3992 universitas
725 3925 822 3991 debet
845 3925 983 3992 fideliter
1009 3934 1041 3989 et
1068 3947 1141 3989 cum
1168 3924 1284 3990 effectu
1313 3925 1466 3990 assistere
1493 3925 1618 3991 rectori
1645 3930 1678 3989 ct

257 4028 324 4093 suis
345 4025 565 4092 assessoribus
587 4025 649 4090 sibi
673 4022 1012 4113 condepu[11⁸]tstis,
1040 4047 1101 4112 pro
1123 4028 1236 4111 poenis
1258 4023 1490 4111 extorquendis
1512 4034 1544 4089 et
1565 4044 1677 4089 exces-

256 4124 346 4192 sibus
380 4125 592 4212 corrigendis.
634 4125 679 4190 Et
706 4128 733 4191 si
761 4148 954 4212 quemquam
983 4147 1094 4190 eorum
1122 4126 1334 4191 communiter
1361 4123 1414 4189 vel
1442 4123 1595 4204 divisim,
1623 4121 1678 4188 du·

215 4236 351 4293 astante
372 4249 430 4290 suo
452 4224 558 4290 officio
582 4224 633 4289 vel
653 4235 728 4312 post
749 4223 1019 4312 quandocunque,
1049 4225 1215 4309 contingat
1242 4234 1377 4310 propter
1405 4223 1467 4288 hoc
1487 4223 1601 4310 impeti
1624 4230 1680 4287 aut

258 4346 449 4413 quocumque
476 4324 571 4389 modo
600 4327 770 4390 occasione
799 4325 991 4390 extersionis
1018 4345 1197 4409 poenarum
1219 4322 1402 4388 huiusmodi
1424 4332 1480 4387 aut
1502 4323 1678 4388 correccio·

257 4427 308 4489 nis
329 4446 521 4490 excessuum
543 4423 724 4506 molestari,
747 4434 866 4488 extunc
887 4423 1083 4487 universitas
1102 4424 1177 4509 ipsa
1199 4422 1296 4487 debet
1315 4446 1350 4487 se
1371 4421 1558 4489 huiusmodi
1578 4424 1678 4509 impe

257 4523 408 4589 titoribus
434 4524 560 4589 fortiter
581 4545 747 4611 opponere
768 4545 807 4587 ac
828 4532 986 4587 rectorem
1007 4531 1039 4587 et
1059 4542 1241 4587 assessores
1263 4522 1430 4609 praelatos
1450 4514 1483 4588 et
1504 4520 1680 4611 quemlibet

329 4779 339 4828 1
360 4773 413 4828 Die
431 4771 563 4828 nichoten
583 4778 597 4826 7
616 4771 738 4829 abactae
767 4769 827 4824 sind
853 4774 934 4823 uuter
950 4769 1013 4823 dem
1030 4768 1178 4824 Rectorete
1196 4769 1244 4824 des
1262 4768 1354 4825 Jacob
1369 4769 1517 4826 Rodevicz
1534 4786 1591 4825 von
1608 4768 1681 4827 sens

259 4857 296 4913 im
314 4856 564 4912 Summersemester
586 4860 649 4910 1112
668 4854 851 4910 beschlossen.
885 4852 1103 4925 vgl.Urkuno1.
1123 4853 1239 4919 Quellen
1259 4852 1287 4910 S.
1305 4859 1363 4911 601.
1391 4854 1453 4909 Aur
1463 4851 1596 4909 welcbem
1610 4852 1681 4910 Jabr

262 4940 306 4995 die
324 4939 383 4994 sich
400 4940 578 4995 unmittelbar
594 4940 683 4995 daran
700 4938 901 4994 schliessenden
917 4943 1066 5005 stammen,
1084 4936 1162 4991 weiss
1181 4936 1226 4991 icb
1243 4937 1321 4992 nieht
1338 4938 1507 5010 anaugebsn.

328 5046 342 5092 2
361 5040 401 5093 lm
418 5040 596 5097 Retiouarius
615 5038 675 5094 fisci
692 5040 734 5095 Bl.
753 5045 789 5094 3b
806 5040 881 5097 steht
901 5041 1021 5093 incurret
1025 5059 1037 5106 ;
1063 5036 1139 5093 diese
1155 5039 1290 5094 Variaute
1314 5039 1352 5093 ist
1376 5039 1421 5093 ftir
1440 5039 1599 5112 Erklirnng
1626 5039 1680 5095 die

261 5140 304 5179 ses
325 5120 450 5178 Artikels
472 5124 550 5179 nicht
573 5123 731 5196 unwichtig.
767 5124 822 5181 Dis
847 5122 1060 5195 Einseicbnung
1080 5122 1110 5176 in
1132 5123 1186 5178 den
1209 5123 1387 5207 Rationum
1404 5125 1441 5178 ist
1456 5138 1513 5180 von
1528 5122 1579 5180 det
1597 5122 1680 5180 nand

261 5209 310 5265 des
324 5208 441 5265 Rectors
458 5206 543 5265 solbat
561 5206 730 5280 suageflihrt
