3756 6158
799 488 854 536 Das
873 486 997 537 Pauliner
1015 487 1118 550 curer.

868 710 941 758 Lex
961 708 1052 758 XXV.

329 819 381 884 Ex
414 821 594 886 senioribus
616 845 798 888 mensarum
826 834 964 912 quatuor
991 822 1182 910 defigantur,
1211 825 1267 912 qui
1296 845 1375 919 prae
1407 822 1560 889 omnibus
1587 826 1658 890 vitis

247 941 429 985 mensarum
452 921 625 986 observent
645 932 676 986 et
696 923 868 989 observata
889 922 1033 1011 praesidi
1054 923 1202 987 referant.
1231 922 1313 989 Sunt
1334 933 1443 990 autem
1464 923 1547 990 haec
1565 923 1659 1012 dupli·

247 1019 307 1082 cia.
349 1019 432 1084 Nam
455 1022 541 1085 etin
562 1021 643 1103 cibo,
665 1025 720 1111 qui
743 1024 927 1111 praebetur,
954 1035 987 1088 et
1013 1046 1034 1088 a
1059 1022 1188 1088 famulis
1214 1033 1255 1106 et,
1277 1022 1395 1110 quibus
1417 1023 1605 1112 praebetur,
1623 1024 1659 1089 sb

204 1127 221 1181 5
246 1118 287 1183 iis
314 1119 522 1206 improbitate
548 1130 580 1184 et
604 1121 782 1208 petulantia
804 1123 946 1212 delinqui
969 1132 1085 1210 potest.
1127 1122 1278 1188 Seniores
1306 1125 1407 1210 igitur
1429 1125 1531 1189 ceteri
1552 1134 1585 1188 et
1602 1133 1661 1190 tots

245 1219 404 1302 iuventus,
427 1218 580 1306 quicquid
600 1220 641 1286 de
662 1245 725 1310 quo
746 1224 817 1311 quis
838 1225 929 1309 queri
949 1223 1082 1289 honeste
1103 1225 1220 1310 possit,
1247 1221 1299 1287 his
1320 1221 1447 1289 deferat
1465 1245 1572 1312 neque
1591 1224 1660 1290 foris

246 1317 407 1385 traducat.

851 1444 922 1494 Lex
940 1442 1056 1495 XXVI.

329 1554 418 1620 Inter
440 1553 637 1621 vescendum
663 1557 803 1622 ministri
824 1580 1009 1623 mensarum
1034 1556 1079 1623 ad
1104 1557 1184 1623 alios
1212 1554 1302 1622 cibos
1326 1556 1478 1622 ferendos
1499 1579 1543 1623 ne
1563 1580 1659 1623 assur-

208 1661 336 1739 togant,
363 1654 554 1742 priusquam
581 1678 623 1721 ex
653 1656 789 1723 adverso
817 1657 924 1723 ostioli
952 1659 1060 1722 senior
1079 1655 1122 1722 ad
1149 1657 1210 1722 hoc
1237 1655 1418 1722 destinatus
1442 1655 1478 1722 id
1506 1656 1658 1744 signitica-

246 1755 338 1821 verit.
367 1754 467 1822 Nemo
489 1778 615 1844 quoque
638 1754 679 1822 de
700 1780 811 1823 mensa
833 1758 1005 1846 quicquam
1026 1758 1150 1843 rapiat3
1173 1758 1348 1839 auferatur,
1370 1779 1444 1823 cum
1466 1766 1587 1843 surget.

840 1946 914 1995 Lex
933 1944 1066 1995 XXVII.

328 2059 413 2124 Ante
441 2060 619 2145 gratiarum
651 2060 807 2125 actionem
835 2060 870 2124 in
899 2060 1028 2147 patinas
1056 2058 1181 2147 ligneas
1209 2058 1348 2125 orbiculi
1374 2059 1484 2124 iniecti
1514 2068 1548 2125 et
1573 2061 1657 2148 panis

246 2159 416 2245 impositus
443 2180 509 2223 una
537 2182 608 2224 cum
636 2158 743 2224 linteis
770 2182 791 2224 a
815 2181 999 2224 mensarum
1026 2160 1182 2224 ministris
1212 2167 1416 2246 reportentur
1446 2158 1491 2224 ad
1520 2158 1657 2226 ostiolum

208 2267 238 2322 15
247 2257 312 2323 cibi
333 2256 521 2345 praebendi.
562 2257 697 2347 Hocque
717 2258 812 2325 modo
834 2269 866 2325 et
886 2261 992 2325 minus
1014 2258 1209 2345 pinguedine
1238 2257 1440 2325 maculantur
1468 2257 1659 2325 mantilis'et

246 2357 375 2432 famulis
398 2357 491 2424 labor
514 2358 709 2424 diminuitur.
753 2357 901 2425 Orbiculi
927 2368 959 2425 et
986 2360 1111 2447 ipsine
1139 2381 1212 2424 cum
1239 2357 1365 2425 ludicro
1387 2360 1528 2447 strepitu
1550 2358 1655 2431 tumul·

246 2467 332 2539 tuve,
352 2480 456 2547 neque
477 2460 665 2546 priusquam
685 2460 912 2545 magistrorum
934 2468 991 2523 aut
1011 2460 1171 2524 seniorum
1193 2457 1312 2544 aliquis
1334 2457 1462 2524 adhoc
1483 2456 1655 2527 destinatus

246 2558 375 2642 signum
387 2557 453 2641 dat,
473 2559 660 2625 iniiciantur
680 2558 807 2644 ligneae
828 2559 969 2646 patinae,
991 2559 1098 2623 cantio
1110 2557 1161 2623 sit.
1189 2556 1343 2623 Habeant
1365 2558 1493 2646 primas
1513 2558 1656 2641 seniores

245 2656 514 2742 quemadmodum
535 2681 635 2745 supra
654 2655 854 2723 dictumest.
910 2696 912 2701 ·
1196 2665 1200 2671 '
1506 2676 1511 2681 ·

203 2829 237 2887 20
828 2827 902 2877 Lex
920 2825 1072 2876 XXVIII.

329 2940 431 3006 Nemo
452 2939 504 3005 vel
525 2940 718 3007 clamoribus
739 2940 790 3006 vel
811 2939 1034 3006 tumultuando
1061 2961 1249 3027 quocunque
1273 2939 1370 3007 modo
1391 2939 1446 3006 vel
1474 2941 1563 3007 sonis
1589 2940 1655 3007 alie

244 3043 295 3105 nis
325 3039 600 3129 qualibuscunque
631 3039 913 3106 contubernalibus
945 3036 1018 3103 aliis
1047 3038 1216 3126 obstrepat
1247 3050 1278 3105 et
1307 3042 1453 3107 externis
1490 3039 1655 3107 accusandi

244 3140 391 3207 ordinem
421 3149 565 3205 nostrum
591 3142 793 3205 occasionem
819 3138 984 3227 praebeat
1027 3137 1093 3219 Qui
1121 3138 1229 3205 facere
1257 3139 1339 3205 haec
1365 3139 1531 3206 indicatus
1557 3141 1651 3227 cogni·

244 3250 359 3327 tusque
378 3239 476 3304 fuerit
496 3261 600 3324 neque
620 3239 737 3321 facere,
762 3240 963 3304 monitus-ac
984 3239 1173 3323 castigatus,
1201 3236 1369 3321 destiterit,
1397 3239 1437 3321 is,
1459 3241 1587 3327 quoties
1605 3239 1653 3304 ite

203 3348 316 3405 25rum
345 3337 531 3426 deliquerit,
562 3339 656 3403 toties
685 3360 835 3424 grossum
861 3360 960 3403 unum
988 3335 1127 3401 mulctae
1153 3339 1282 3403 nomine
1310 3337 1499 3425 persolvito.
1539 3338 1653 3404 Eadem

244 3438 364 3504 mulcta
383 3449 415 3503 et
434 3439 469 3503 in
495 3460 549 3503 eos
573 3447 693 3503 statuta
714 3448 792 3519 esto,
819 3437 874 3521 qui
900 3436 1039 3522 turpiter
1069 3447 1126 3501 aut
1152 3437 1348 3504 tumultuose
1377 3448 1434 3504 aut
1462 3436 1581 3504 frivole
1600 3436 1652 3502 dis

245 3538 402 3602 cursitare
423 3560 487 3602 non
508 3539 603 3603 veriti
625 3539 753 3602 fuerint.

850 3690 919 3739 Lex
937 3686 1048 3738 XXIX.

325 3802 452 3868 Placuit
472 3813 503 3868 et
522 3803 583 3869 hoc
603 3801 784 3889 probibere,
811 3827 852 3869 ne
878 3804 950 3892 quis
970 3799 1076 3867 incola
1098 3799 1225 3888 collegii
1247 3823 1343 3868 canes
1365 3801 1482 3870 alendo
1504 3803 1577 3871 aliis
1597 3824 1650 3869 mo

203 3902 372 3968 tolestiam
388 3903 540 3968 exhibeat
560 3911 618 3968 aut
639 3902 766 3989 collegii
787 3903 884 3968 rebus
904 3901 1056 3967 damnum
1079 3898 1142 3983 det,
1163 3923 1226 3965 neu
1247 3902 1318 3988 quis
1338 3899 1429 3989 ligna
1450 3926 1553 3993 supra
1572 3902 1649 3969 tabu·

244 4001 319 4067 latis
346 4011 402 4066 aut
429 4002 585 4068 limitibus
611 4004 698 4067 intra
723 4012 857 4068 extrave
883 4000 1118 4067 habitationem
1147 4023 1239 4065 suam
1268 3999 1404 4066 scindat.
1449 4003 1516 4085 Qui
1542 4002 1649 4080 feccrit,

244 4103 367 4187 grossis
389 4101 515 4168 duobus
536 4100 715 4168 mulctator.

856 4230 927 4303 hex
946 4252 1041 4304 XXX.

326 4368 392 4436 Suo
412 4369 546 4435 arbitrio
566 4367 619 4434 vel
639 4367 872 4433 extructionem
893 4367 1103 4432 habitationis
1125 4389 1203 4434 suae
1224 4365 1405 4434 convellere
1418 4365 1472 4434 vel
1491 4367 1559 4433 alia
1579 4376 1648 4432 stru·

203 4479 483 4536 autumnoue
504 4467 557 4532 vel
585 4469 681 4533 etiam
708 4490 793 4533 nova
823 4489 943 4553 augere
970 4467 1091 4531 nemini
1117 4466 1214 4532 licere
1240 4465 1394 4532 volumus.
1436 4465 1563 4547 Quodsi
1591 4464 1650 4554 quis

243 4570 304 4635 hoc
324 4569 446 4634 faciens
467 4565 614 4632 aedificia
635 4566 775 4649 laeserit,
795 4565 906 4632 datum
928 4564 1080 4631 damnum
1100 4565 1284 4653 rependito3
1307 4565 1335 4631 si
1354 4588 1421 4631 non
1441 4564 1583 4649 laeserit,
1602 4566 1650 4631 in·

245 4690 347 4755 pensa
369 4669 403 4732 in
425 4675 620 4732 structuram
641 4667 781 4754 pecunia
802 4676 920 4733 careto.

853 4834 922 4884 Lex
942 4832 1055 4884 XXXI.

324 4948 423 5015 Pueri
442 4951 476 5014 in
496 4949 558 5015 hoc
579 4948 722 5034 collegio,
744 4957 812 5012 tam
832 4947 1025 5012 famulantes
1048 4970 1146 5035 quam
1169 4948 1275 5030 ceteri,
1300 4946 1342 5013 ab
1360 4948 1411 5031 iis,
1440 4946 1558 5038 quibus
1578 4967 1650 5013 corn·

204 5046 388 5113 tomendati
418 5051 482 5115 sint
510 5058 567 5114 aut
597 5049 754 5130 serviant,
784 5058 939 5133 cogantur
968 5046 1102 5111 honeste
1130 5056 1162 5111 et
1191 5045 1320 5134 placide
1353 5058 1386 5112 et
1412 5049 1522 5137 quiete
1548 5046 1652 5132 ubique

245 5147 390 5214 locorum
410 5150 544 5215 versari.
586 5147 753 5234 Imprimis
773 5169 838 5211 non
860 5145 956 5211 liceat
976 5146 1023 5211 eis
1044 5147 1080 5211 in
1100 5168 1178 5211 area
1197 5144 1409 5213 aliisve-ullis
1430 5145 1578 5235 partibus
1595 5143 1649 5212 col·
