3756 6158
244 469 286 534 73
723 340 909 609 ”Qun
927 484 988 520 vom
1006 469 1088 520 rsus
1108 400 1180 530 ridi

246 660 278 715 et
298 673 319 715 a
338 651 457 738 prioris
479 651 643 716 semestris
663 657 789 715 rectore
810 651 971 736 exigetur.
1006 648 1066 716 Sin
1084 658 1253 716 accusatus
1272 648 1370 714 firorit
1390 640 1557 716 cobrictns
1576 648 1663 735 intra

246 760 373 836 tempus
397 772 496 837 supra
517 749 693 832 definitum,
714 759 790 814 tuno
812 742 951 814 deind'e¹
972 759 1079 816 rector
1099 751 1218 837 prioris
1238 750 1403 815 semestris
1422 771 1495 815 cum
1514 728 1661 817 contib

247 849 305 913 riis
327 849 394 915 suis
414 850 625 936 pronuncciet
637 849 659 931 ²,
679 847 867 914 electionem
887 848 1005 914 factam
1024 850 1151 914 irritam
1167 871 1248 932 esse,
1271 859 1303 915 et
1324 859 1456 936 postero
1477 850 1588 916 statim
1609 847 1661 913 die

250 958 466 1014 convocentur
485 949 642 1022 universi,
661 948 717 1034 qui
737 945 864 1029 debent,
886 946 952 1011 ad8
971 947 1071 1013 alium
1088 960 1247 1014 rectorem
1267 948 1457 1014 faciendum.
1490 948 1557 1030 Qui
1573 956 1661 1041 ente

220 1057 345 1135 tquam
363 1049 425 1112 rite
444 1048 549 1114 factus
569 1048 668 1113 fuerit
687 1056 720 1112 et
740 1048 965 1133 magistratum
985 1048 1102 1132 inierit,
1122 1050 1216 1114 tum⁴
1236 1070 1330 1114 omno
1349 1049 1400 1114 ius
1414 1049 1549 1114 remoris
1561 1048 1661 1135 penes

247 1150 357 1241 ipppm
378 1148 446 1212 erit.
492 1146 621 1212 Placuit
640 1156 672 1212 et
692 1145 756 1212 hoc
776 1148 943 1230 constitui,
963 1170 1004 1212 ne
1023 1157 1130 1213 rector
1151 1150 1184 1212 in
1206 1146 1351 1213 vestibus
1373 1156 1406 1213 et
1426 1145 1661 1245 ornatupegli·

247 1238 374 1337 genflor
395 1247 450 1328 sit,
479 1245 537 1310 scd
557 1255 593 1310 ut
613 1248 659 1310 ita
681 1269 715 1311 se
736 1255 844 1332 gerat,
867 1245 1137 1332 quemadmodum
1158 1245 1350 1313 honoratum
1372 1256 1405 1312 et
1424 1246 1583 1333 dignitate
1590 1269 1676 1339 sm·

246 1342 353 1432 gulari
378 1344 560 1433 praeditum
588 1346 693 1410 virum
721 1367 782 1433 pro
812 1346 1042 1412 consuetudine
1069 1356 1251 1434 temporum
1279 1346 1397 1412 decet*
1422 1344 1570 1426 Quodsi
1591 1344 1661 1410 eins

245 1443 415 1509 facultates
434 1444 757 1528 tantaenonfuerint,
779 1454 814 1508 ut
834 1447 1076 1512 convenientem
1097 1447 1251 1512 vestitum
1271 1467 1389 1534 parare
1411 1445 1475 1511 sibi
1488 1445 1603 1536 possit,
1623 1445 1661 1526 is,

208 1554 239 1608 10
247 1543 274 1608 si
295 1543 439 1630 petierit,
472 1541 604 1631 publica
624 1545 762 1631 pecunia
782 1543 932 1610 adiuvari
960 1547 995 1611 in
1015 1566 1053 1610 eo
1075 1543 1217 1610 debebit
1256 1544 1368 1610 Nullos
1389 1540 1496 1610 autem
1514 1551 1660 1630 sumptus

247 1652 353 1708 rector
373 1652 467 1707 extra
487 1641 633 1708 ordinem
654 1652 687 1708 et
706 1666 770 1709 non
791 1665 963 1711 concessos
986 1643 1049 1710 sibi
1069 1645 1199 1732 privata
1218 1646 1390 1710 autoritate
1403 1645 1438 1708 in
1450 1642 1588 1709 arbitrio
1604 1660 1661 1725 sm

247 1743 355 1809 iacere
376 1740 515 1807 debebit

328 1841 393 1908 Sed
414 1842 448 1906 in
468 1840 616 1908 faciendo
636 1850 795 1910 rectorem
814 1842 896 1908 haec
915 1841 1000 1908 ratio
1021 1836 1214 1910 servabitur.

871 2044 980 2108 Caput
998 2044 1033 2095 11.

206 2187 236 2244 ¹5
504 2193 552 2240 DE
575 2191 726 2242 RATIONE
749 2193 929 2242 SERVANDA
949 2195 985 2242 m
1006 2192 1180 2242 rscmuno
1200 2190 1397 2242 merom.
1511 2188 1512 2193 ’

330 2308 484 2377 semestri
505 2310 628 2374 aestivo
648 2330 733 2375 nono
755 2307 917 2376 calendas
936 2307 1027 2397 Maij,
1047 2308 1190 2397 hyemali
1209 2330 1288 2374 vero
1309 2307 1433 2375 decimo
1447 2308 1587 2395 septimo
1598 2306 1660 2375 Oa·

245 2409 359 2476 lendes
380 2408 574 2474 Novembris
595 2410 727 2474 comitia
746 2408 791 2473 ad
808 2418 966 2474 rectorem
986 2432 1106 2475 novum
1125 2407 1309 2477 faciendum
1336 2405 1552 2473 habebuntur.
1595 2406 1660 2475 Ubi

246 2511 346 2595 igitur
366 2531 486 2592 omnes,
508 2529 588 2596 quos
610 2516 748 2595 oportet,
770 2510 988 2591 convenerint,
1006 2518 1083 2573 tunc
1102 2509 1192 2578 natio
1213 2529 1425 2596 unaquaeque
1445 2507 1495 2586 (in
1515 2527 1598 2594 quas
1611 2515 1660 2571 eat

246 2619 357 2675 nostra
376 2610 572 2674 msiversitas
593 2606 787 2672 scholastica
808 2606 991 2692 distributa,
1014 2629 1148 2674 numero
1169 2610 1322 2694 quatuor)
1351 2606 1500 2693 designet
1519 2627 1563 2672 ex
1589 2626 1660 2672 sese

205 2718 355 2792 aunum,
377 2710 429 2773 cui
450 2707 579 2795 quidem
599 2705 816 2794 designationi
836 2706 995 2794 refragari
1008 2709 1128 2772 nemini
1150 2705 1249 2772 licere
1268 2704 1427 2772 volumus.
1461 2704 1508 2770 Hi
1521 2715 1660 2793 quatuor

245 2817 417 2897 postquam
440 2807 557 2872 rectori
578 2808 804 2892 promiserint,
831 2806 914 2873 nihil
943 2829 978 2872 se
1003 2806 1223 2872 fraudulenter
1250 2815 1307 2871 aut
1332 2803 1493 2870 malitiose
1519 2811 1659 2887 actinos,

248 2908 418 2992 designent
438 2915 561 2993 septem
581 2905 664 2972 alios
683 2929 728 2971 ex
747 2908 909 2972 universis
930 2908 992 2990 sic,
1014 2915 1152 2995 quatuor
1173 2915 1210 2971 ut
1230 2907 1295 2970 sint
1314 2903 1356 2970 de
1374 2903 1561 2971 nationibus
1582 2925 1659 2991 qna·

246 3018 328 3089 tuor,
348 3016 415 3071 tres
432 3005 548 3092 reliqui
569 3005 610 3070 de
629 3005 734 3071 tribus
753 3006 950 3090 nationibus,
973 3027 1100 3093 semper
1120 3008 1299 3093 praeterita
1320 3027 1360 3071 ea
1379 3006 1521 3087 nedone,
1542 3003 1659 3091 deque

247 3116 353 3172 rector
373 3107 438 3170 iam
457 3105 529 3171 lieri
547 3104 686 3170 debebit.
725 3103 772 3169 Hi
793 3115 917 3193 septem
938 3108 1129 3194 promittant
1148 3115 1180 3170 et
1199 3105 1266 3192 ipsi
1286 3105 1419 3187 rectori,
1448 3101 1598 3171 fraudem
1626 3123 1660 3165 se

204 3215 279 3272 sset
301 3206 457 3272 malitiam
477 3227 605 3272 omnem
624 3205 783 3270 vitaturos
801 3227 892 3289 esse,
912 3216 1009 3292 atque
1027 3209 1075 3272 ita
1101 3205 1272 3292 designent
1298 3204 1379 3270 ebes
1401 3204 1560 3289 quinque,
1581 3222 1660 3288 qno-

245 3329 317 3372 rum
339 3308 403 3371 sint
420 3314 558 3391 quatuor
578 3303 619 3369 de
639 3304 825 3370 nationibus
845 3315 991 3391 quatuor,
1012 3307 1141 3392 quintus
1162 3314 1270 3371 autem
1290 3303 1402 3375 deilla
1413 3304 1556 3384 natione,
1573 3321 1660 3386 qnae

247 3409 282 3472 in
300 3405 509 3492 designandis
530 3413 655 3492 septem
676 3406 853 3491 praeterita
873 3406 943 3470 fuit
982 3405 1029 3471 Hi
1049 3406 1239 3492 promittent
1258 3405 1388 3487 rectori,
1412 3424 1448 3468 se
1469 3400 1551 3466 nibil
1571 3398 1660 3466 aliud

247 3508 281 3572 in
300 3505 439 3571 creando
460 3526 544 3570 novo
563 3513 688 3570 rectore
710 3515 857 3592 spectare
872 3505 959 3572 velle
979 3527 1077 3590 quam
1096 3505 1217 3570 bonum
1232 3504 1396 3592 publicum
1414 3510 1446 3566 et
1457 3500 1659 3567 conditiones

249 3606 494 3695 suprapositas,
515 3611 611 3691 atque
630 3605 677 3669 ita
696 3606 765 3669 suis
787 3605 950 3691 suffragiis
971 3614 1129 3672 rectorem
1149 3626 1269 3671 novum
1287 3604 1418 3669 faciant
1437 3600 1558 3682 „Quem
1577 3599 1659 3665 fece·

207 3709 329 3788 ibunt,
358 3707 387 3769 is
410 3711 517 3769 rector
545 3704 766 3770 universitatis
786 3705 849 3770 rite
869 3704 974 3770 factrus
995 3713 1073 3770 esto.
1112 3704 1187 3785 Quo
1212 3707 1378 3791 negotium
1398 3711 1506 3767 autem
1527 3697 1660 3788 expedi·

252 3808 316 3870 tius
337 3803 544 3891 proficiatur,
565 3803 672 3869 visum
698 3813 748 3869 est
769 3805 944 3892 praefinire
963 3813 1090 3891 tempus
1118 3802 1395 3892 designationibus
1415 3803 1481 3866 iam
1502 3799 1661 3888 praescri·

251 3905 315 3992 ptis
332 3901 467 3989 singulis
479 3900 621 3984 horam,
641 3901 727 3968 ultra
739 3903 828 3989 quod
843 3904 983 3991 spatium
995 3905 1244 3992 quotiescunque
1257 3902 1438 3990 designatio
1451 3898 1663 3988 unaqualibet

251 4011 419 4090 protracta
439 4001 546 4083 buerit,
568 4003 663 4066 toties
684 4000 908 4089 designatores
930 4004 974 4069 ad
994 4003 1147 4069 mulctam
1167 4001 1355 4068 solvendam
1376 4009 1562 4084 teneantur,
1584 4019 1661 4086 qua·

249 4114 322 4170 tuor
341 4101 471 4190 quidem
491 4100 625 4166 florinos
644 4102 788 4188 integros
797 4100 841 4168 θ(
863 4102 961 4185 Quod
982 4103 1010 4168 si
1030 4103 1274 4190 unusquispiam
1299 4102 1482 4168 recessione
1511 4119 1573 4167 sua
1596 4091 1660 4162 ele

208 4205 387 4271 &tutionem
408 4200 624 4288 impediverit,
645 4201 688 4266 ab
708 4224 746 4267 eo
766 4202 870 4269 multa
887 4204 1075 4270 florinorum
1097 4201 1233 4269 duomm
1252 4202 1409 4289 exigitor,
1428 4220 1526 4288 quam
1549 4199 1580 4264 si
1600 4196 1661 4263 sol-

248 4326 325 4371 vere
345 4301 493 4385 noluerit,
513 4299 775 4369 animadversio⁷
795 4304 830 4370 in
850 4325 922 4369 cum
941 4304 1077 4368 rectoris
1097 4312 1130 4368 et
1149 4303 1276 4370 consssii
1295 4301 1399 4367 libero
1419 4308 1506 4366 voto.

317 4559 329 4610 l
347 4552 428 4608 Etwa
444 4559 499 4607 aaa
513 4552 637 4608 decumo!

314 4643 330 4695 2
349 4637 440 4709 Vogel
458 4635 580 4690 schreibt
592 4633 772 4706 prmninerot.

315 4726 331 4776 3
348 4719 439 4791 Vogel
456 4718 577 4775 schreibt
591 4726 646 4774 aut.

316 4805 417 4861 ‹thlan
431 4803 468 4858 ist
485 4801 614 4859 rersucbt
628 4803 658 4857 in
673 4802 775 4858 diesem
792 4803 890 4858 Worte
912 4801 992 4858 einen
1009 4803 1109 4858 Fehler
1130 4821 1166 4858 au
1189 4801 1350 4858 vermuthen
1372 4800 1430 4857 und
1450 4819 1481 4857 es
1503 4802 1595 4858 durch
1618 4802 1663 4858 ein

185 4902 194 4920 ·
251 4891 373 4959 andum,
387 4894 459 4944 etus
475 4889 637 4957 tomda'mu
652 4891 783 4943 ersetzen.

317 4971 535 5031 bGeschrieben
551 4969 623 5024 steht
638 4972 727 5039 mmai,
746 4987 801 5026 was
818 4970 917 5026 keinen
934 4970 1002 5026 Sinn
1019 4970 1103 5041 gicht.
1132 4969 1280 5028 welleieht
1294 4990 1376 5026 unam
1391 4973 1495 5026 boreos

317 5064 333 5111 6
350 5055 536 5112 Gescbrieben
552 5052 626 5110 steht
636 5055 738 5122 florini
756 5055 863 5125 intepet.
898 5055 1022 5127 Miglich
1037 5059 1108 5110 witra
1124 5054 1196 5109 auch
1213 5055 1262 5110 der
1277 5056 1390 5112 Genitiv
1403 5057 1578 5126 florioomn.

319 5147 333 5195 7
352 5139 433 5195 Etwa
448 5139 697 5194 asinaeum!
713 5139 780 5194 oder
792 5139 966 5210 relsbpuoto
982 5155 1026 5194 sm
1044 5139 1122 5194 Ende
1139 5141 1188 5195 des
1206 5139 1323 5196 Senes?
