3756 6158
248 455 308 520 532
752 454 802 506 Die
820 451 1038 519 pbilosophische
1052 452 1179 505 Faculttit.

247 635 338 701 ribus
360 635 537 700 constituta
557 645 588 698 et
608 637 728 702 usitata
747 638 848 702 fuisse
869 638 1003 701 scimus:
1037 657 1078 698 ue
1105 645 1179 699 ante
1207 632 1329 697 biennii
1351 643 1501 718 tempus,
1538 655 1581 697 ex
1610 653 1671 719 quo

247 736 401 820 magister
423 733 538 819 aliquis
561 733 745 800 declaratus
765 746 869 816 esset,
901 734 1071 801 discedere
1099 756 1140 799 ex
1164 731 1229 797 bac
1256 732 1425 797 academia
1454 730 1514 796 ulli
1535 730 1670 795 arbitrio

246 858 305 899 suo
326 832 448 898 liceret.
492 832 701 921 Quapropter
724 858 791 917 eos,
814 838 868 922 qui
893 844 948 900 aut
966 829 1031 921 [38]
1054 832 1204 920 publicae
1227 831 1394 896 doctrinae
1421 829 1610 895 muneribus
1640 852 1672 894 se

247 932 422 1019 aliquando
444 933 610 998 functuros
633 933 684 998 vel
707 935 740 998 in
763 936 1022 1000 communitatem
1051 929 1175 1019 publici
1203 930 1331 995 consilii
1358 939 1575 1018 perventuros
1604 952 1672 995 esse

205 1043 221 1097 5
250 1033 464 1118 speraverint,
485 1030 633 1097 volumus
652 1043 709 1097 aut
730 1033 853 1098 biennii
872 1044 998 1120 tempus
1020 1039 1096 1118 post
1111 1031 1380 1095 renuntiationem
1393 1028 1477 1094 tituli
1490 1031 1670 1115 proximum

247 1132 279 1194 in
300 1130 363 1195 hac
384 1133 553 1197 academia
575 1133 663 1218 apud
684 1156 743 1198 nos
766 1135 964 1215 continuare,
987 1144 1053 1213 aut,
1076 1131 1104 1194 si
1126 1128 1244 1214 aliquis
1267 1128 1376 1214 aliqua
1406 1127 1447 1193 de
1477 1151 1580 1194 causa
1599 1152 1670 1194 avo

248 1239 347 1311 cetur,
383 1239 418 1293 ut
439 1233 503 1317 ipsi
523 1230 755 1297 discedendum
785 1233 836 1314 sit,
863 1255 928 1297 non
958 1241 1066 1295 tamen
1094 1228 1186 1294 abire
1213 1250 1286 1292 eum
1313 1229 1377 1292 nisi
1406 1227 1614 1293 demontrata
1639 1249 1672 1293 re

246 1338 316 1393 tota
337 1339 369 1393 et
390 1351 449 1393 sua
472 1329 669 1396 discessione
690 1330 824 1412 decano,
846 1342 881 1395 ut
901 1332 948 1395 ita
969 1329 1030 1395 hoc
1053 1329 1175 1393 sciente
1197 1336 1228 1392 et
1250 1328 1459 1414 permittente
1483 1327 1580 1397 absit
1610 1326 1671 1408 Qui

251 1426 360 1491 facere
387 1428 583 1515 neglexerit,
626 1431 654 1494 is
684 1452 742 1516 spe
771 1429 975 1516 publicorum
1000 1427 1286 1493 emolumentorum
1315 1424 1486 1514 proposita
1508 1427 1672 1514 magistris

208 1525 335 1614 10apud
356 1549 415 1593 nos
439 1550 474 1592 se
496 1527 658 1594 excidisse
680 1529 763 1593 scire
785 1527 923 1593 debebit.
966 1526 1116 1613 Cognitis
1139 1536 1246 1590 autem
1269 1525 1484 1612 probatisque
1503 1528 1556 1609 iis,
1586 1548 1665 1613 quae

247 1625 493 1709 indicabuntur,
528 1627 671 1692 decanus
701 1637 733 1692 et
761 1626 993 1693 discessionem
1021 1627 1186 1713 permittet
1214 1634 1245 1689 et
1266 1624 1352 1689 hanc
1373 1635 1568 1714 tempusque
1587 1623 1671 1690 illins

249 1723 520 1811 perscribendum
543 1725 680 1792 curabit.

331 1889 561 1979 Unusquisque
581 1891 678 1954 etiam
699 1890 831 1973 horum,
860 1891 916 1978 qui
945 1889 1083 1956 docendi
1112 1888 1242 1976 publico
1270 1911 1404 1955 munere
1431 1887 1610 1977 aliquando
1638 1910 1670 1953 se

248 1989 432 2054 functurum
454 1999 510 2053 aut
531 1991 564 2053 in
586 1988 713 2055 consilii
732 1988 856 2076 publici
878 1992 1152 2064 communitatem,
1173 1998 1209 2053 ut
1221 1988 1341 2055 dictum
1356 1999 1414 2072 est,
1440 2000 1669 2077 perventurum

210 2099 320 2154 tsesse
342 2090 539 2176 speraverit,
567 2096 687 2153 statuto
718 2087 771 2152 die
797 2111 905 2154 coram
927 2089 1166 2153 communitatis
1188 2099 1318 2152 nostrae
1341 2088 1479 2153 concilio
1499 2085 1670 2174 apparebit

250 2198 282 2252 et
303 2186 413 2251 audiet
434 2195 679 2273 cognoscctque,
700 2209 783 2273 quae
802 2196 880 2254 tunc
900 2186 1135 2268 recitabuntur,
1158 2195 1189 2249 et
1202 2187 1387 2253 numerabit
1400 2209 1538 2274 grossos
1552 2186 1668 2266 decen,

249 2286 301 2351 vel
326 2288 354 2350 si
374 2286 425 2351 bis
448 2309 607 2374 apparere
626 2286 705 2351 velit
736 2291 825 2362 (cum
853 2287 906 2352 bis
935 2288 1028 2351 annis
1059 2285 1196 2371 singulis
1224 2285 1286 2351 hac
1308 2285 1349 2351 de
1372 2308 1473 2351 causa
1496 2296 1668 2352 conventus

248 2385 434 2468 habeatur),
462 2387 603 2474 quinque
632 2387 739 2470 grossi
758 2387 806 2451 ita
831 2385 1104 2467 numerabuntur,
1133 2394 1169 2450 ut
1197 2407 1322 2463 summa
1346 2385 1459 2450 decem
1484 2406 1667 2472 grossorum

248 2487 377 2550 omuino
399 2484 578 2571 expleatur.

206 2661 241 2715 20
331 2649 415 2717 Cum
436 2659 544 2715 autem
566 2659 598 2714 et
620 2649 663 2714 ad
684 2648 875 2737 dignitatem
904 2651 1144 2714 communitatis
1175 2648 1272 2714 studii
1304 2649 1467 2715 bonarum
1496 2651 1616 2714 artium
1640 2656 1666 2712 et

249 2749 481 2836 discipulorum
501 2749 671 2814 utilitatem
692 2771 891 2835 magnopere
914 2745 978 2836 [39]
1003 2750 1164 2835 pertineat
1184 2748 1334 2836 publicae
1345 2748 1517 2813 doctrinae
1528 2759 1665 2834 tempora

249 2873 288 2915 ac
313 2849 385 2913 loca
409 2848 624 2935 frequentari,
669 2869 753 2934 qnae
782 2867 870 2911 nunc
903 2847 1033 2911 deserta
1069 2846 1257 2934 plerumque
1288 2857 1322 2912 et
1347 2869 1453 2913 vacua
1482 2859 1663 2913 cmnuntur:

248 2947 377 3037 quando
397 2946 556 3032 magistri,
578 2944 790 3012 emolumenta
812 2945 854 3009 ab
874 2945 937 3010 hac
959 2949 1189 3011 communitate
1211 2937 1433 3034 expectantes,
1455 2945 1662 3034 apparebunt,

247 3058 372 3136 repetet
390 3047 532 3111 decanus
554 3046 822 3120 constitutionem,
837 3043 877 3108 de
898 3045 1134 3130 frequentanda
1154 3047 1303 3113 doctrina
1316 3045 1470 3133 publiea,
1483 3044 1661 3132 iubebitque

204 3135 545 3212 25universcs'videre
568 3152 600 3207 et
621 3166 746 3225 curare,
768 3157 804 3208 ut
825 3143 977 3230 discipuli
999 3145 1143 3230 ipsorum
1169 3144 1292 3211 assidui
1314 3147 1380 3210 sint
1403 3143 1536 3232 publice
1557 3145 1660 3210 docen-

248 3249 325 3310 tium
349 3244 523 3322 auditores,
545 3244 680 3330 quisque
702 3265 761 3328 pro
784 3252 882 3329 captu
903 3244 1024 3328 ingenii
1045 3248 1215 3310 etaetatis
1236 3251 1325 3326 suae,
1355 3255 1387 3310 et
1408 3244 1504 3329 dicet,
1537 3247 1591 3332 qui
1611 3244 1660 3309 boc

248 3369 313 3410 non
334 3345 478 3425 fecerint,
505 3341 569 3406 illis
600 3341 652 3405 vel
677 3340 907 3427 negligentiam
936 3341 1021 3406 hanc
1047 3343 1100 3407 vel
1125 3346 1224 3409 istum
1255 3352 1453 3409 contemtum
1481 3345 1659 3411 detrimento

247 3445 399 3511 futurum.

791 3595 1124 3606 ——-——.—-—-

251 3740 485 3809 Recitanda
514 3740 782 3807 scholasticis
809 3753 847 3809 et
876 3744 1110 3832 discipulis
1145 3746 1392 3831 optimarum
1422 3745 1657 3831 disciplina·

209 3855 243 3910 30
334 3866 418 3907 rum
453 3855 492 3906 et
521 3842 671 3905 artium
700 3842 886 3926 singulis
909 3842 1183 3909 semestribus
1206 3844 1371 3931 publice
1393 3867 1414 3910 a
1435 3844 1588 3910 decano

784 3945 981 4030 temporis
1010 3943 1138 4008 illius.

332 4107 421 4171 Vera
442 4107 567 4170 ratione
588 4116 619 4169 et
640 4106 753 4172 ordine
775 4131 885 4174 omnes
908 4112 1175 4196 congregationes
1196 4109 1363 4175 hominum
1386 4122 1618 4177 conservantur
1634 4120 1659 4175 et

249 4216 420 4293 augentur,
444 4205 630 4269 confusione
653 4216 708 4269 aut
729 4209 943 4293 perversitate
965 4209 1183 4274 dissolvuntur
1210 4232 1249 4274 ac
1270 4213 1448 4292 intereunt,
1471 4234 1545 4276 cum
1566 4233 1656 4296 neque

249 4322 335 4372 recte
357 4314 454 4389 atque
476 4303 694 4386 laudabiliter,
717 4329 818 4392 neque
840 4330 912 4372 curn
935 4309 1042 4373 fructu
1063 4317 1095 4373 et
1117 4307 1256 4372 utilitate
1279 4311 1456 4396 quicquam
1481 4311 1556 4395 liat,
1585 4308 1660 4399 quod

206 4407 388 4473 abrationis
410 4402 577 4488 diligentia
599 4412 630 4467 et
652 4404 801 4469 custodia
821 4407 943 4472 ordinis
966 4406 1162 4473 destituitur.
1201 4407 1245 4471 Et
1265 4408 1346 4474 haec
1369 4421 1419 4474 est
1440 4413 1535 4497 origo
1562 4421 1594 4476 et
1609 4412 1660 4474 iste

249 4507 320 4569 fons
342 4503 449 4588 legum
471 4504 798 4592 constitutionumque
818 4509 970 4589 omnium,
992 4529 1075 4592 quae
1096 4508 1244 4572 feruntur
1267 4518 1298 4572 et
1313 4510 1505 4574 sanciuntur
1522 4510 1583 4576 hoc
1596 4533 1659 4574 con·

251 4605 332 4683 silio,
354 4613 390 4665 ut
411 4602 656 4666 communitates
677 4602 840 4668 hominum
862 4616 928 4669 tam
952 4606 1080 4688 durare,
1105 4628 1202 4693 quam
1224 4605 1392 4672 honestate
1421 4619 1455 4672 et
1473 4610 1594 4674 virtute
1613 4631 1658 4673 ex·

249 4703 374 4783 cellere,
397 4722 494 4786 quam
510 4702 611 4765 'etiam
635 4702 813 4767 commodis
834 4704 967 4770 affluere
987 4707 1123 4791 possint.
1160 4704 1242 4771 Oum
1266 4716 1375 4771 autem
1395 4717 1511 4772 nostra
1533 4730 1658 4774 eommu-

249 4805 335 4866 nitas
368 4796 432 4886 [40]
465 4798 654 4886 profiteatur
694 4801 875 4867 doctrinam
902 4813 934 4868 et
961 4803 1101 4878 studium
1135 4805 1330 4891 optimarum
1360 4800 1608 4894 disciplinarum
1633 4816 1659 4871 et

208 4903 378 4980 toartinm,
402 4907 434 4962 et
455 4897 569 4962 harum
591 4901 802 4966 instructione
830 4905 930 4967 animi
957 4902 1000 4967 ad
1028 4904 1138 4968 omnia
1167 4926 1318 4987 munera,
1352 4904 1472 4992 quibus
1498 4904 1657 4995 iungendis

250 5001 301 5064 vel
322 5010 453 5062 aeterno
476 4998 536 5061 deo
559 5021 660 5085 opera
680 5000 752 5065 dari
774 5002 824 5067 vel
847 5002 1010 5068 hominurn
1032 5005 1178 5067 societati
1194 5005 1343 5068 inserviri
1359 5004 1451 5088 solet,
1474 5029 1656 5095 praeparen-

250 5110 313 5184 tur,
336 5117 455 5184 magnu
476 5120 554 5162 cura
577 5098 793 5172 demonstrari
814 5101 911 5168 debet
932 5100 1017 5166 hanc
1036 5104 1123 5169 viam
1144 5101 1271 5191 ingredi
1288 5102 1484 5194 volentibus,
1498 5130 1562 5196 quo
1574 5113 1656 5196 pactu
