3756 6158
747 438 799 488 ors
816 437 1035 502 philosophicam
1050 436 1179 488 ιιιιιιιιι

935 620 1000 690 13.1

341 753 422 818 Item
443 750 575 839 placuit,
601 748 688 837 quod
710 750 851 817 decanus
872 755 906 817 in
927 751 1071 840 qualibet
1091 750 1316 840 disputacione
1337 751 1507 819 ordinaria
1531 752 1676 819 baccala-

259 855 381 919 riorum
392 859 448 916 aut
459 849 675 916 vicedecanus
696 852 737 916 sit
757 873 922 939 praesens,
944 850 988 918 ad
1008 851 1202 918 insolencias
1223 852 1384 918 sociorum
1405 851 1675 940 compescendas3

257 975 317 1041 pro
344 952 436 1016 cuius
464 951 701 1036 inquietacione
729 959 762 1015 ιι
789 949 901 1016 labore
927 950 1048 1017 habeat
1075 974 1096 1017 a
1123 950 1278 1017 facultate
1306 952 1389 1018 duos
1416 969 1475 1038 pt,
1506 951 1676 1019 dummodo

213 1063 231 1119 5
257 1051 372 1120 saltem
399 1048 586 1138 praesideat
606 1071 665 1136 per
686 1049 767 1115 duas
788 1050 896 1116 horas.
920 1049 979 1116 Ἐι
998 1050 1079 1117 illud
1107 1061 1308 1141 assumptum
1328 1062 1380 1119 est
1404 1050 1449 1117 ad
1476 1051 1617 1140 probam
1637 1051 1676 1117 ad

257 1152 336 1218 duos
358 1172 470 1216 annos.

588 1304 637 1368 14.
658 1317 705 1367 nn
718 1317 826 1386 murs,
849 1318 940 1380 onan
961 1319 1116 1370 ιιιιιιιι
1135 1316 1350 1370 ιιιιιιιιιιιιι.

340 1451 424 1519 Item
444 1449 586 1529 decanus
609 1449 669 1515 sub
690 1472 797 1540 poena
817 1453 952 1540 periurii
972 1451 1095 1545 nullum
1116 1452 1460 1542 promovendumper
1485 1472 1521 1516 se
1542 1450 1596 1517 vel
1620 1472 1674 1538 par

257 1550 356 1616 alium
379 1551 420 1616 de
449 1550 713 1638 responsionibus
734 1550 797 1616 sibi
822 1550 1028 1639 assignandis
1046 1552 1229 1619 ‘certificare
1249 1550 1355 1618 debet.
1393 1549 1487 1616 Idem
1514 1551 1619 1616 eciam
1638 1550 1673 1615 de

217 1649 523 1717 tovicecancellario
546 1648 709 1715 facultatis
730 1652 854 1717 arcium
874 1650 1065 1738 intelligitur
1087 1651 1147 1717 sub
1168 1651 1283 1718 eadem
1302 1673 1417 1767 poepa.

337 1750 419 1815 Item
440 1749 581 1816 decanus
601 1748 724 1815 nullum
745 1748 843 1818 debet
862 1750 1040 1818 inscribere
1061 1762 1121 1849 pro
1139 1752 1299 1835 examine,
1318 1752 1383 1817 nisi
1403 1753 1497 1841 prins
1510 1749 1577 1817 tale
1598 1749 1671 1815 fece

255 1850 298 1916 rit
317 1851 541 1934 iuramentum,
569 1847 707 1916 scilicet:
748 1848 841 1937 „Ego
864 1851 942 1927 .Ν.
932 1873 1015 1934 suro,
1045 1850 1132 1939 quod
1151 1873 1256 1939 neque
1276 1851 1359 1920 stcf‘
1385 1850 1571 1918 videlicet'
1561 1874 1596 1916 m
1616 1858 1671 1915 sta·

252 1950 330 2015 tutis
360 1947 662 2036 promovendorum
700 1948 813 2035 Neque
841 1949 938 2016 debet
966 1946 1109 2016 decanus
1138 1959 1195 2016 aut
1224 1949 1340 2037 aliquis
1369 1951 1671 2017 examinatoruma

250 2047 502 2114 baocalariando
522 2057 669 2136 tempore
689 2046 848 2114 examinis
867 2048 954 2131 ultra
975 2072 1033 2114 sex
1054 2064 1105 2136 ιι,
1127 2058 1160 2114 ιι
1181 2071 1201 2114 a
1220 2048 1444 2135 magistrando
1463 2047 1552 2133 ultra
1566 2047 1669 2115 decem

212 2158 371 2236 recepere
391 2171 533 2235 grossoa
558 2146 617 2214 sub
639 2168 745 2235 poena
765 2150 911 2236 periurii,
937 2149 1078 2236 demptis
1099 2159 1209 2215 tamen
1229 2149 1386 2237 pecuniis,
1415 2171 1498 2238 quas
1518 2171 1579 2237 pro
1599 2148 1669 2214 loeis

252 2247 331 2313 dare
355 2257 511 2313 tenentur.
551 2246 595 2313 Et
615 2246 858 2315 baccalariandi
886 2247 1005 2315 debent
1031 2248 1166 2315 inscribi
1195 2247 1370 2314 secuudum
1391 2247 1552 2359 ordinem,
1583 2269 1667 2336 quem

250 2346 401 2451 babent
390 2369 425 2413 ιιι
443 2345 614 2433 matricula
632 2348 864 2415 universitatis.

638 2519 686 2582 15.
706 2532 754 2580 nn
775 2532 889 2581 ιιιιιιι
910 2531 1127 2582 rscmrrsrrs
1148 2532 1289 2584 ιιιισιιιιι.
1393 2592 1399 2605 .

331 2646 468 2732 Placuit,
494 2656 531 2714 ut
551 2646 693 2715 decanus
713 2668 774 2737 pro
793 2657 939 2735 tempore
960 2650 1105 2715 existens
1127 2649 1187 2714 sub
1208 2671 1315 2738 poena
1342 2649 1456 2717 decem
1480 2647 1665 2716 florenorum

207 2747 293 2813 weit
312 2748 463 2813 astrictus
485 2747 528 2814 ad
553 2747 824 2834 praesentandum
846 2748 977 2832 realiter
1003 2757 1128 2814 etcum
1150 2749 1266 2815 effectu
1285 2772 1397 2816 omnes
1417 2749 1522 2817 libros
1543 2746 1664 2814 acuta

247 2847 300 2932 tis,
328 2846 406 2913 sibi
418 2855 653 2934 praesentatos,
681 2869 738 2914 suo
762 2849 944 2914 successori
972 2870 1010 2916 eo
1036 2857 1192 2937 tempore,
1221 2871 1285 2935 quo
1315 2849 1429 2915 fecerit
1454 2850 1612 2915 rationem
1631 2845 1665 2910 de

248 2945 322 3013 aliis
343 2948 505 3036 perceptis
527 2969 568 3012 ex
591 2953 685 3034 parte
702 2943 879 3022 facultatis.
919 2945 1028 3028 Etiam
1057 2944 1159 3015 idem
1172 2947 1314 3014 decanus
1341 2947 1404 3015 sub
1424 2947 1543 3015 eadam
1569 2966 1664 3036 poena

247 3047 327 3115 nulli
354 3047 575 3115 accommodet
596 3045 735 3132 aliquem
764 3044 884 3113 librum
912 3022 1077 3111 facultatis
1106 3037 1163 3112 aut
1188 3045 1300 3132 libros,
1329 3050 1393 3114 nisi
1420 3047 1497 3115 talis
1525 3046 1664 3113 restituat

248 3148 314 3234 ipsi
335 3146 457 3213 decano
479 3146 748 3232 recognicionem,
767 3147 886 3233 inqua
907 3143 1029 3232 obliget
1050 3169 1086 3213 se
1106 3147 1150 3214 ad
1171 3146 1482 3247 repraesentandum
1502 3148 1601 3214 istum
1619 3142 1663 3210 rel

206 3249 329 3315 ttistos
356 3256 430 3313 ante
460 3254 644 3333 computum
671 3268 772 3329 suum,
799 3266 895 3333 quem
923 3249 1050 3312 ιιιιιιιιι
1077 3247 1186 3313 facere
1212 3270 1297 3335 novo
1323 3244 1458 3330 decano,
1488 3243 1662 3333 subpriori

248 3370 363 3436 poena,
392 3345 515 3416 scilicet
536 3344 647 3410 decem
673 3345 886 3429 florenorum3
915 3354 970 3423 aut
992 3345 1141 3412 adminus
1162 3346 1306 3412 obtineat
1334 3345 1500 3412 facultatis
1526 3345 1662 3412 volunta·

246 3458 319 3514 tem.
362 3446 427 3513 Suo
458 3445 553 3512 modo
582 3445 685 3510 eciam
714 3443 856 3516 decanus
884 3445 997 3529 faciet,
1028 3446 1055 3510 ιι
1084 3469 1126 3510 ex
1157 3454 1252 3532 parte
1280 3446 1346 3530 sui,
1377 3454 1413 3511 ut
1439 3444 1660 3534 praemittitur,

249 3549 467 3614 committatur
487 3544 639 3610 defectus.
667 3542 811 3611 Tenetur
831 3552 939 3608 tamen
961 3543 1103 3610 decanus
1125 3540 1282 3611 unacum
1302 3543 1478 3632 clavigeris
1500 3542 1660 3611 sollicitam

246 3646 401 3713 adbibere
422 3644 638 3731 diligenciam,
657 3652 694 3708 ut
713 3642 789 3709 libri
810 3642 953 3711 utiliores
974 3666 1034 3730 pro
1056 3642 1141 3710 bono
1161 3643 1325 3711 facultatis
1345 3653 1494 3713 emantur
1515 3653 1549 3710 ιι
1569 3641 1660 3729 empti

204 3746 355 3815 atdebite
376 3745 597 3814 custodiantur
618 3751 649 3809 et
670 3744 883 3830 registrentur
899 3742 943 3808 ad
962 3742 1082 3809 librum
1102 3745 1273 3831 papireum
1293 3743 1457 3810 facultatis
1476 3744 1515 3808 in
1537 3739 1660 3832 speciali

205 3910 210 3930 ,
247 3848 417 3936 quinterno
444 3869 518 3911 cum
548 3841 808 3909 distinctionibus
835 3840 990 3909 librorum
1018 3865 1078 3928 pro
1104 3842 1227 3929 gradu,
1248 3852 1280 3910 et
1306 3842 1349 3908 ad
1377 3842 1468 3909 aliud
1496 3844 1659 3931 registrum

244 3968 508 4035 pergameneum,
531 3966 590 4033 pro
613 3943 767 4008 liberaris
787 3941 986 4029 deputatum,
1008 3965 1049 4008 ne
1070 3965 1129 4031 per
1149 3942 1426 4029 inadvertenoiam
1447 3952 1548 4032 atque
1567 3940 1657 4028 negli-

245 4049 393 4135 genciam
414 4045 514 4134 aliqui
534 4043 611 4111 libri
631 4042 849 4132 deperduntur
867 4040 921 4107 vel
941 4042 1163 4110 anichilentur.

610 4235 657 4298 16.
685 4244 733 4293 on
753 4227 1074 4294 scoouuoosoronn
1095 4226 1301 4293 nmnonum²

201 4392 237 4450 35
327 4384 410 4449 Item
430 4381 563 4470 placuit,
584 4378 672 4467 quod
691 4376 891 4465 peramplius
911 4376 1017 4443 nullus
1035 4376 1119 4444 liber
1132 4376 1301 4450 ¹facultatis
1321 4375 1421 4443 alicui
1440 4396 1503 4464 pro
1514 4398 1576 4443 usu
1591 4394 1655 4461 pro

245 4485 317 4572 prio
339 4493 435 4549 extra
460 4480 647 4547 liberariam
669 4477 786 4544 debeat
812 4475 1028 4560 accomodari,
1054 4475 1187 4542 lecturis
1207 4475 1379 4545 dumtaxat
1407 4484 1440 4544 et
1466 4472 1655 4542 textualibns

243 4583 393 4671 demptis,
421 4604 502 4670 quas
523 4580 664 4646 lecturas
685 4587 717 4643 et
736 4575 894 4641 textualia
914 4575 1057 4642 decanus
1077 4596 1138 4664 pro
1159 4585 1304 4662 tempore
1325 4577 1471 4642 existens
1491 4573 1654 4660 magistris,

243 4693 377 4770 recepta
396 4682 438 4748 ab
461 4682 507 4747 eis
527 4678 764 4766 recognicione,
786 4674 1004 4769 ¹saccomodare
1024 4677 1151 4764 poterit
1193 4674 1247 4741 De
1266 4697 1332 4761 qua
1351 4674 1513 4742 liberaria
1528 4672 1653 4741 facultas

242 4783 368 4849 arcium
385 4791 512 4849 tenetur
532 4779 698 4867 magistris
719 4775 847 4863 collegii
873 4777 1007 4842 maioris
1029 4774 1173 4863 quolibet
1191 4773 1299 4843 medio
1320 4797 1407 4845 anno
1428 4774 1513 4844 duaa
1531 4792 1651 4858 sexsga

322 5057 333 5107 ι
352 5051 408 5107 Dis
425 5045 617 5108 Ueberschrift
634 5043 705 5101 fehlt
723 5042 780 5099 und
797 5041 835 5097 ist
847 5040 924 5097 'anob
941 5039 1021 5097 nicht
1038 5039 1252 5113 nncbgetragnr.

323 5140 338 5192 2
356 5133 439 5192 Ancb
455 5133 530 5190 diosc
546 5130 655 5189 Rubrik
670 5129 708 5186 ιιι
723 5130 816 5200 sptiter
832 5126 1019 5203 eingetragan.
