<?xml version="1.0" encoding="UTF-8"?>
<!DOCTYPE html PUBLIC "-//W3C//DTD XHTML 1.0 Transitional//EN"
    "http://www.w3.org/TR/xhtml1/DTD/xhtml1-transitional.dtd">
<html xmlns="http://www.w3.org/1999/xhtml" xml:lang="en" lang="en">
 <head>
  <title>
</title>
<meta http-equiv="Content-Type" content="text/html;charset=utf-8" />
  <meta name='ocr-system' content='tesseract 3.04.00' />
  <meta name='ocr-capabilities' content='ocr_page ocr_carea ocr_par ocr_line ocrx_word'/>
</head>
<body>
  <div class='ocr_page' id='page_1' title='image "./diestatutenbche00univgoog_0437.png"; bbox 0 0 3756 6158; ppageno 0'>
   <div class='ocr_carea' id='block_1_1' title="bbox 244 478 1162 546">
    <p class='ocr_par' dir='ltr' id='par_1_1' title="bbox 244 478 1162 546">
     <span class='ocr_line' id='line_1_1' title="bbox 244 478 1162 546; baseline 0.004 -18"><span class='ocrx_word' id='word_1_1' title='bbox 244 481 306 546; x_wconf 74' lang='lat'><strong>418</strong></span> <span class='ocrx_word' id='word_1_2' title='bbox 731 480 782 530; x_wconf 83' lang='lat' dir='ltr'><strong>Die</strong></span> <span class='ocrx_word' id='word_1_3' title='bbox 799 478 1019 544; x_wconf 78' lang='lat' dir='ltr'><strong>philosopbische</strong></span> <span class='ocrx_word' id='word_1_4' title='bbox 1034 480 1162 532; x_wconf 71' lang='lat' dir='ltr'><strong>raculae</strong></span> 
     </span>
    </p>
   </div>
   <div class='ocr_carea' id='block_1_2' title="bbox 205 659 1660 1837">
    <p class='ocr_par' dir='ltr' id='par_1_2' title="bbox 205 659 1660 1837">
     <span class='ocr_line' id='line_1_2' title="bbox 246 659 1659 748; baseline 0.005 -23"><span class='ocrx_word' id='word_1_5' title='bbox 246 659 420 725; x_wconf 90' lang='lat' dir='ltr'><strong>dicamenti</strong></span> <span class='ocrx_word' id='word_1_6' title='bbox 434 659 588 723; x_wconf 88' lang='lat' dir='ltr'><strong>terminus</strong></span> <span class='ocrx_word' id='word_1_7' title='bbox 603 662 737 748; x_wconf 89' lang='lat' dir='ltr'><strong>quisque</strong></span> <span class='ocrx_word' id='word_1_8' title='bbox 750 663 936 748; x_wconf 90' lang='lat' dir='ltr'><strong>propositus</strong></span> <span class='ocrx_word' id='word_1_9' title='bbox 948 664 1000 744; x_wconf 87' lang='lat' dir='ltr'><strong>sit,</strong></span> <span class='ocrx_word' id='word_1_10' title='bbox 1019 672 1052 726; x_wconf 87' lang='lat' dir='ltr'><strong>et</strong></span> <span class='ocrx_word' id='word_1_11' title='bbox 1072 662 1146 744; x_wconf 88' lang='lat' dir='ltr'><strong>alia,</strong></span> <span class='ocrx_word' id='word_1_12' title='bbox 1169 683 1252 746; x_wconf 88' lang='lat' dir='ltr'><strong>quae</strong></span> <span class='ocrx_word' id='word_1_13' title='bbox 1272 659 1457 727; x_wconf 87' lang='lat' dir='ltr'><strong>huiusmodi</strong></span> <span class='ocrx_word' id='word_1_14' title='bbox 1478 664 1659 731; x_wconf 84' lang='lat' dir='ltr'><strong>considera·</strong></span> 
     </span>
     <span class='ocr_line' id='line_1_3' title="bbox 247 757 1659 846; baseline 0.004 -22"><span class='ocrx_word' id='word_1_15' title='bbox 247 761 348 825; x_wconf 88' lang='lat' dir='ltr'><strong>cionis</strong></span> <span class='ocrx_word' id='word_1_16' title='bbox 365 766 439 824; x_wconf 90' lang='lat' dir='ltr'><strong>sunt</strong></span> <span class='ocrx_word' id='word_1_17' title='bbox 451 757 626 844; x_wconf 88' lang='lat' dir='ltr'><strong>generalia,</strong></span> <span class='ocrx_word' id='word_1_18' title='bbox 640 760 834 846; x_wconf 78' lang='lat' dir='ltr'><strong>generaliter</strong></span> <span class='ocrx_word' id='word_1_19' title='bbox 846 763 1001 826; x_wconf 78' lang='lat' dir='ltr'><strong>senoiunt.</strong></span> <span class='ocrx_word' id='word_1_20' title='bbox 1032 760 1102 826; x_wconf 87' lang='lat' dir='ltr'><strong>Hos</strong></span> <span class='ocrx_word' id='word_1_21' title='bbox 1120 771 1229 826; x_wconf 85' lang='lat' dir='ltr'><strong>autem</strong></span> <span class='ocrx_word' id='word_1_22' title='bbox 1245 769 1376 846; x_wconf 87' lang='lat' dir='ltr'><strong>reputat</strong></span> <span class='ocrx_word' id='word_1_23' title='bbox 1389 761 1531 828; x_wconf 74' lang='lat' dir='ltr'><strong>facultas</strong></span> <span class='ocrx_word' id='word_1_24' title='bbox 1542 765 1577 829; x_wconf 91' lang='lat' dir='ltr'><strong>in</strong></span> <span class='ocrx_word' id='word_1_25' title='bbox 1591 764 1659 830; x_wconf 87' lang='lat' dir='ltr'><strong>aliis</strong></span> 
     </span>
     <span class='ocr_line' id='line_1_4' title="bbox 248 856 1659 950; baseline 0.003 -25"><span class='ocrx_word' id='word_1_26' title='bbox 248 867 465 946; x_wconf 78' lang='lat' dir='ltr'><strong>competenter</strong></span> <span class='ocrx_word' id='word_1_27' title='bbox 482 879 517 922; x_wconf 87' lang='lat' dir='ltr'><strong>se</strong></span> <span class='ocrx_word' id='word_1_28' title='bbox 529 856 660 942; x_wconf 90' lang='lat' dir='ltr'><strong>habere,</strong></span> <span class='ocrx_word' id='word_1_29' title='bbox 682 862 737 947; x_wconf 89' lang='lat' dir='ltr'><strong>qui</strong></span> <span class='ocrx_word' id='word_1_30' title='bbox 758 859 881 948; x_wconf 92' lang='lat' dir='ltr'><strong>aliquid</strong></span> <span class='ocrx_word' id='word_1_31' title='bbox 902 859 942 924; x_wconf 92' lang='lat' dir='ltr'><strong>de</strong></span> <span class='ocrx_word' id='word_1_32' title='bbox 962 859 1168 946; x_wconf 76' lang='lat' dir='ltr'><strong>generalibus</strong></span> <span class='ocrx_word' id='word_1_33' title='bbox 1188 862 1223 924; x_wconf 86' lang='lat' dir='ltr'><strong>in</strong></span> <span class='ocrx_word' id='word_1_34' title='bbox 1244 858 1307 924; x_wconf 91' lang='lat' dir='ltr'><strong>hiis</strong></span> <span class='ocrx_word' id='word_1_35' title='bbox 1329 861 1488 944; x_wconf 79' lang='lat' dir='ltr'><strong>sanciunt,</strong></span> <span class='ocrx_word' id='word_1_36' title='bbox 1507 865 1556 927; x_wconf 88' lang='lat' dir='ltr'><strong>ita</strong></span> <span class='ocrx_word' id='word_1_37' title='bbox 1577 865 1659 950; x_wconf 90' lang='lat' dir='ltr'><strong>quod</strong></span> 
     </span>
     <span class='ocr_line' id='line_1_5' title="bbox 246 958 1657 1048; baseline 0.003 -26"><span class='ocrx_word' id='word_1_38' title='bbox 246 959 468 1045; x_wconf 89' lang='lat' dir='ltr'><strong>ignoranciam</strong></span> <span class='ocrx_word' id='word_1_39' title='bbox 496 959 682 1043; x_wconf 86' lang='lat' dir='ltr'><strong>negacionis</strong></span> <span class='ocrx_word' id='word_1_40' title='bbox 712 962 842 1024; x_wconf 88' lang='lat' dir='ltr'><strong>omuino</strong></span> <span class='ocrx_word' id='word_1_41' title='bbox 867 982 932 1025; x_wconf 87' lang='lat' dir='ltr'><strong>non</strong></span> <span class='ocrx_word' id='word_1_42' title='bbox 960 958 1118 1041; x_wconf 79' lang='lat' dir='ltr'><strong>habeant,</strong></span> <span class='ocrx_word' id='word_1_43' title='bbox 1138 969 1171 1022; x_wconf 90' lang='lat' dir='ltr'><strong>et</strong></span> <span class='ocrx_word' id='word_1_44' title='bbox 1198 961 1373 1045; x_wconf 78' lang='lat' dir='ltr'><strong>praecipue</strong></span> <span class='ocrx_word' id='word_1_45' title='bbox 1393 960 1429 1023; x_wconf 91' lang='lat' dir='ltr'><strong>in</strong></span> <span class='ocrx_word' id='word_1_46' title='bbox 1449 982 1538 1026; x_wconf 85' lang='lat' dir='ltr'><strong>nova</strong></span> <span class='ocrx_word' id='word_1_47' title='bbox 1556 961 1657 1048; x_wconf 85' lang='lat' dir='ltr'><strong>loyca,</strong></span> 
     </span>
     <span class='ocr_line' id='line_1_6' title="bbox 205 1055 1659 1147; baseline 0.004 -26"><span class='ocrx_word' id='word_1_48' title='bbox 205 1066 221 1121; x_wconf 77' lang='lat' dir='ltr'><strong>t</strong></span> <span class='ocrx_word' id='word_1_49' title='bbox 249 1056 328 1144; x_wconf 92' lang='lat' dir='ltr'><strong>quid</strong></span> <span class='ocrx_word' id='word_1_50' title='bbox 346 1055 540 1143; x_wconf 82' lang='lat' dir='ltr'><strong>silogismos,</strong></span> <span class='ocrx_word' id='word_1_51' title='bbox 559 1056 675 1123; x_wconf 91' lang='lat' dir='ltr'><strong>modus</strong></span> <span class='ocrx_word' id='word_1_52' title='bbox 690 1069 725 1123; x_wconf 90' lang='lat' dir='ltr'><strong>et</strong></span> <span class='ocrx_word' id='word_1_53' title='bbox 742 1059 847 1145; x_wconf 87' lang='lat' dir='ltr'><strong>figura</strong></span> <span class='ocrx_word' id='word_1_54' title='bbox 861 1063 913 1141; x_wconf 90' lang='lat' dir='ltr'><strong>sit,</strong></span> <span class='ocrx_word' id='word_1_55' title='bbox 935 1070 967 1123; x_wconf 91' lang='lat' dir='ltr'><strong>et</strong></span> <span class='ocrx_word' id='word_1_56' title='bbox 987 1056 1161 1123; x_wconf 90' lang='lat' dir='ltr'><strong>secundum</strong></span> <span class='ocrx_word' id='word_1_57' title='bbox 1183 1057 1331 1124; x_wconf 88' lang='lat' dir='ltr'><strong>diversos</strong></span> <span class='ocrx_word' id='word_1_58' title='bbox 1351 1058 1466 1124; x_wconf 90' lang='lat' dir='ltr'><strong>modos</strong></span> <span class='ocrx_word' id='word_1_59' title='bbox 1488 1071 1522 1124; x_wconf 87' lang='lat' dir='ltr'><strong>et</strong></span> <span class='ocrx_word' id='word_1_60' title='bbox 1541 1061 1659 1147; x_wconf 84' lang='lat' dir='ltr'><strong>figuras</strong></span> 
     </span>
     <span class='ocr_line' id='line_1_7' title="bbox 247 1154 1660 1247; baseline 0.006 -28"><span class='ocrx_word' id='word_1_61' title='bbox 247 1154 486 1241; x_wconf 80' lang='lat' dir='ltr'><strong>silogismorum</strong></span> <span class='ocrx_word' id='word_1_62' title='bbox 511 1156 742 1239; x_wconf 87' lang='lat' dir='ltr'><strong>formaciones,</strong></span> <span class='ocrx_word' id='word_1_63' title='bbox 769 1168 801 1222; x_wconf 86' lang='lat' dir='ltr'><strong>et</strong></span> <span class='ocrx_word' id='word_1_64' title='bbox 822 1179 934 1222; x_wconf 90' lang='lat' dir='ltr'><strong>eorum</strong></span> <span class='ocrx_word' id='word_1_65' title='bbox 955 1155 1181 1238; x_wconf 87' lang='lat' dir='ltr'><strong>reducciones,</strong></span> <span class='ocrx_word' id='word_1_66' title='bbox 1202 1167 1236 1220; x_wconf 89' lang='lat' dir='ltr'><strong>et</strong></span> <span class='ocrx_word' id='word_1_67' title='bbox 1259 1156 1455 1243; x_wconf 78' lang='lat' dir='ltr'><strong>generaliter</strong></span> <span class='ocrx_word' id='word_1_68' title='bbox 1476 1157 1559 1242; x_wconf 88' lang='lat' dir='ltr'><strong>alia,</strong></span> <span class='ocrx_word' id='word_1_69' title='bbox 1581 1166 1660 1247; x_wconf 81' lang='lat' dir='ltr'><strong>qu&#39;sc</strong></span> 
     </span>
     <span class='ocr_line' id='line_1_8' title="bbox 245 1253 1657 1346; baseline 0.006 -28"><span class='ocrx_word' id='word_1_70' title='bbox 245 1253 340 1320; x_wconf 90' lang='lat' dir='ltr'><strong>buius</strong></span> <span class='ocrx_word' id='word_1_71' title='bbox 355 1253 628 1320; x_wconf 88' lang='lat' dir='ltr'><strong>consideracionis</strong></span> <span class='ocrx_word' id='word_1_72' title='bbox 642 1265 726 1339; x_wconf 87' lang='lat' dir='ltr'><strong>sunt,</strong></span> <span class='ocrx_word' id='word_1_73' title='bbox 747 1266 783 1321; x_wconf 88' lang='lat' dir='ltr'><strong>ut</strong></span> <span class='ocrx_word' id='word_1_74' title='bbox 804 1255 937 1339; x_wconf 88' lang='lat' dir='ltr'><strong>scilicet,</strong></span> <span class='ocrx_word' id='word_1_75' title='bbox 958 1254 1036 1342; x_wconf 89' lang='lat' dir='ltr'><strong>quid</strong></span> <span class='ocrx_word' id='word_1_76' title='bbox 1056 1255 1200 1320; x_wconf 85' lang='lat' dir='ltr'><strong>inductio</strong></span> <span class='ocrx_word' id='word_1_77' title='bbox 1221 1254 1401 1321; x_wconf 90' lang='lat' dir='ltr'><strong>enthimera</strong></span> <span class='ocrx_word' id='word_1_78' title='bbox 1421 1266 1454 1321; x_wconf 89' lang='lat' dir='ltr'><strong>et</strong></span> <span class='ocrx_word' id='word_1_79' title='bbox 1475 1258 1657 1346; x_wconf 87' lang='lat' dir='ltr'><strong>exemplum</strong></span> 
     </span>
     <span class='ocr_line' id='line_1_9' title="bbox 250 1354 1568 1444; baseline 0.003 -27"><span class='ocrx_word' id='word_1_80' title='bbox 250 1355 302 1435; x_wconf 88' lang='lat' dir='ltr'><strong>sit,</strong></span> <span class='ocrx_word' id='word_1_81' title='bbox 325 1363 542 1440; x_wconf 81' lang='lat' dir='ltr'><strong>competenter</strong></span> <span class='ocrx_word' id='word_1_82' title='bbox 561 1354 818 1442; x_wconf 87' lang='lat' dir='ltr'><strong>generaliterque</strong></span> <span class='ocrx_word' id='word_1_83' title='bbox 833 1355 1028 1441; x_wconf 74' lang='lat' dir='ltr'><strong>-intelligrmt,</strong></span> <span class='ocrx_word' id='word_1_84' title='bbox 1050 1365 1083 1419; x_wconf 92' lang='lat' dir='ltr'><strong>et</strong></span> <span class='ocrx_word' id='word_1_85' title='bbox 1101 1355 1243 1419; x_wconf 90' lang='lat' dir='ltr'><strong>formare</strong></span> <span class='ocrx_word' id='word_1_86' title='bbox 1262 1355 1297 1418; x_wconf 93' lang='lat' dir='ltr'><strong>in</strong></span> <span class='ocrx_word' id='word_1_87' title='bbox 1318 1356 1374 1420; x_wconf 82' lang='lat' dir='ltr'><strong>eis·</strong></span> <span class='ocrx_word' id='word_1_88' title='bbox 1387 1356 1568 1444; x_wconf 81' lang='lat' dir='ltr'><strong>exempla¹</strong></span> 
     </span>
     <span class='ocr_line' id='line_1_10' title="bbox 327 1450 1658 1541; baseline 0.005 -25"><span class='ocrx_word' id='word_1_89' title='bbox 327 1450 456 1517; x_wconf 79' lang='lat' dir='ltr'><strong>Placuit</strong></span> <span class='ocrx_word' id='word_1_90' title='bbox 469 1453 573 1518; x_wconf 88' lang='lat' dir='ltr'><strong>eciam</strong></span> <span class='ocrx_word' id='word_1_91' title='bbox 586 1475 625 1520; x_wconf 92' lang='lat' dir='ltr'><strong>eo</strong></span> <span class='ocrx_word' id='word_1_92' title='bbox 646 1463 722 1518; x_wconf 87' lang='lat' dir='ltr'><strong>tunc</strong></span> <span class='ocrx_word' id='word_1_93' title='bbox 741 1453 889 1520; x_wconf 85' lang='lat' dir='ltr'><strong>facultati</strong></span> <span class='ocrx_word' id='word_1_94' title='bbox 910 1454 1121 1536; x_wconf 83' lang='lat' dir='ltr'><strong>concorditer,</strong></span> <span class='ocrx_word' id='word_1_95' title='bbox 1143 1452 1228 1541; x_wconf 90' lang='lat' dir='ltr'><strong>quod</strong></span> <span class='ocrx_word' id='word_1_96' title='bbox 1247 1452 1381 1538; x_wconf 87' lang='lat' dir='ltr'><strong>quilibet</strong></span> <span class='ocrx_word' id='word_1_97' title='bbox 1400 1453 1546 1520; x_wconf 70' lang='lat' dir='ltr'><strong>deonas</strong></span> <span class='ocrx_word' id='word_1_98' title='bbox 1565 1456 1658 1523; x_wconf 80' lang='lat' dir='ltr'><strong>facul</strong></span> 
     </span>
     <span class='ocr_line' id='line_1_11' title="bbox 207 1550 1658 1641; baseline 0.005 -25"><span class='ocrx_word' id='word_1_99' title='bbox 207 1552 324 1617; x_wconf 77' lang='lat' dir='ltr'><strong>rotatis</strong></span> <span class='ocrx_word' id='word_1_100' title='bbox 354 1553 493 1634; x_wconf 67' lang='lat' dir='ltr'><strong>muium,</strong></span> <span class='ocrx_word' id='word_1_101' title='bbox 516 1553 620 1618; x_wconf 90' lang='lat' dir='ltr'><strong>eciam</strong></span> <span class='ocrx_word' id='word_1_102' title='bbox 645 1553 681 1617; x_wconf 92' lang='lat' dir='ltr'><strong>in</strong></span> <span class='ocrx_word' id='word_1_103' title='bbox 697 1553 848 1618; x_wconf 84' lang='lat' dir='ltr'><strong>futurum</strong></span> <span class='ocrx_word' id='word_1_104' title='bbox 875 1551 1060 1641; x_wconf 85' lang='lat' dir='ltr'><strong>eligendus,</strong></span> <span class='ocrx_word' id='word_1_105' title='bbox 1081 1574 1123 1617; x_wconf 87' lang='lat' dir='ltr'><strong>ex</strong></span> <span class='ocrx_word' id='word_1_106' title='bbox 1145 1550 1253 1616; x_wconf 91' lang='lat' dir='ltr'><strong>debito</strong></span> <span class='ocrx_word' id='word_1_107' title='bbox 1274 1553 1325 1616; x_wconf 88' lang='lat' dir='ltr'><strong>sui</strong></span> <span class='ocrx_word' id='word_1_108' title='bbox 1346 1552 1446 1618; x_wconf 87' lang='lat' dir='ltr'><strong>officii</strong></span> <span class='ocrx_word' id='word_1_109' title='bbox 1467 1565 1500 1618; x_wconf 85' lang='lat' dir='ltr'><strong>et</strong></span> <span class='ocrx_word' id='word_1_110' title='bbox 1521 1578 1581 1621; x_wconf 90' lang='lat' dir='ltr'><strong>suo</strong></span> <span class='ocrx_word' id='word_1_111' title='bbox 1603 1556 1658 1622; x_wconf 92' lang='lat' dir='ltr'><strong>sub</strong></span> 
     </span>
     <span class='ocr_line' id='line_1_12' title="bbox 246 1650 1660 1740; baseline 0.005 -26"><span class='ocrx_word' id='word_1_112' title='bbox 246 1651 425 1715; x_wconf 89' lang='lat' dir='ltr'><strong>iuramento</strong></span> <span class='ocrx_word' id='word_1_113' title='bbox 444 1650 508 1716; x_wconf 89' lang='lat' dir='ltr'><strong>boc</strong></span> <span class='ocrx_word' id='word_1_114' title='bbox 527 1661 683 1717; x_wconf 86' lang='lat' dir='ltr'><strong>statutum</strong></span> <span class='ocrx_word' id='word_1_115' title='bbox 704 1663 912 1718; x_wconf 88' lang='lat' dir='ltr'><strong>manutenere</strong></span> <span class='ocrx_word' id='word_1_116' title='bbox 933 1663 966 1718; x_wconf 88' lang='lat' dir='ltr'><strong>et</strong></span> <span class='ocrx_word' id='word_1_117' title='bbox 986 1650 1124 1740; x_wconf 88' lang='lat' dir='ltr'><strong>singulis</strong></span> <span class='ocrx_word' id='word_1_118' title='bbox 1144 1651 1344 1737; x_wconf 85' lang='lat' dir='ltr'><strong>temporibus</strong></span> <span class='ocrx_word' id='word_1_119' title='bbox 1363 1655 1612 1739; x_wconf 86' lang='lat' dir='ltr'><strong>temptaminum</strong></span> <span class='ocrx_word' id='word_1_120' title='bbox 1630 1666 1660 1721; x_wconf 81' lang='lat' dir='ltr'><strong>et</strong></span> 
     </span>
     <span class='ocr_line' id='line_1_13' title="bbox 238 1751 889 1837; baseline 0 -19"><span class='ocrx_word' id='word_1_121' title='bbox 238 1751 434 1818; x_wconf 70' lang='lat' dir='ltr'><strong>,examinum</strong></span> <span class='ocrx_word' id='word_1_122' title='bbox 457 1752 641 1837; x_wconf 87' lang='lat' dir='ltr'><strong>practicare</strong></span> <span class='ocrx_word' id='word_1_123' title='bbox 662 1753 705 1816; x_wconf 89' lang='lat' dir='ltr'><strong>sit</strong></span> <span class='ocrx_word' id='word_1_124' title='bbox 726 1754 889 1818; x_wconf 87' lang='lat' dir='ltr'><strong>astrictus.</strong></span> 
     </span>
    </p>
   </div>
   <div class='ocr_carea' id='block_1_3' title="bbox 329 2003 1658 2078">
    <p class='ocr_par' dir='ltr' id='par_1_3' title="bbox 329 2003 1658 2078">
     <span class='ocr_line' id='line_1_14' title="bbox 329 2003 1658 2078; baseline 0.003 -14"><span class='ocrx_word' id='word_1_125' title='bbox 329 2005 485 2064; x_wconf 70' lang='lat' dir='ltr'><strong>Hier-nuci</strong></span> <span class='ocrx_word' id='word_1_126' title='bbox 513 2026 570 2065; x_wconf 80' lang='lat' dir='ltr'><strong>voa</strong></span> <span class='ocrx_word' id='word_1_127' title='bbox 592 2009 647 2066; x_wconf 83' lang='lat' dir='ltr'><strong>der</strong></span> <span class='ocrx_word' id='word_1_128' title='bbox 667 2008 765 2066; x_wconf 80' lang='lat' dir='ltr'><strong>Hand</strong></span> <span class='ocrx_word' id='word_1_129' title='bbox 790 2009 841 2065; x_wconf 78' lang='lat' dir='ltr'><strong>des</strong></span> <span class='ocrx_word' id='word_1_130' title='bbox 864 2004 988 2064; x_wconf 82' lang='lat' dir='ltr'><strong>Coarud</strong></span> <span class='ocrx_word' id='word_1_131' title='bbox 1008 2003 1217 2078; x_wconf 76' lang='lat' dir='ltr'><strong>Sebemborcb,</strong></span> <span class='ocrx_word' id='word_1_132' title='bbox 1245 2007 1350 2066; x_wconf 76' lang='lat' dir='ltr'><strong>Decus</strong></span> <span class='ocrx_word' id='word_1_133' title='bbox 1374 2010 1491 2078; x_wconf 68' lang='lat' dir='ltr'><strong>lffl‘,</strong></span> <span class='ocrx_word' id='word_1_134' title='bbox 1518 2007 1583 2067; x_wconf 69' lang='lat' dir='ltr'><strong>dne</strong></span> <span class='ocrx_word' id='word_1_135' title='bbox 1606 2028 1658 2068; x_wconf 73' lang='lat' dir='ltr'><strong>we»</strong></span> 
     </span>
    </p>
   </div>
   <div class='ocr_carea' id='block_1_4' title="bbox 207 2104 1657 2264">
    <p class='ocr_par' dir='ltr' id='par_1_4' title="bbox 207 2104 1657 2264">
     <span class='ocr_line' id='line_1_15' title="bbox 247 2104 1657 2184; baseline 0.003 -21"><span class='ocrx_word' id='word_1_136' title='bbox 247 2105 386 2164; x_wconf 78' lang='lat' dir='ltr'><strong>sentliclc</strong></span> <span class='ocrx_word' id='word_1_137' title='bbox 415 2106 596 2184; x_wconf 72' lang='lat' dir='ltr'><strong>Aendcronp</strong></span> <span class='ocrx_word' id='word_1_138' title='bbox 624 2108 676 2165; x_wconf 81' lang='lat' dir='ltr'><strong>des</strong></span> <span class='ocrx_word' id='word_1_139' title='bbox 704 2108 883 2167; x_wconf 80' lang='lat' dir='ltr'><strong>Wortluotcs</strong></span> <span class='ocrx_word' id='word_1_140' title='bbox 909 2106 961 2163; x_wconf 81' lang='lat' dir='ltr'><strong>des</strong></span> <span class='ocrx_word' id='word_1_141' title='bbox 988 2104 1028 2162; x_wconf 81' lang='lat' dir='ltr'><strong>im</strong></span> <span class='ocrx_word' id='word_1_142' title='bbox 1056 2106 1315 2182; x_wconf 73' lang='lat' dir='ltr'><strong>oorousqebendcu</strong></span> <span class='ocrx_word' id='word_1_143' title='bbox 1338 2105 1457 2184; x_wconf 71' lang='lat' dir='ltr'><strong>Capitol</strong></span> <span class='ocrx_word' id='word_1_144' title='bbox 1475 2108 1657 2167; x_wconf 66' lang='lat' dir='ltr'><strong>maetam</strong></span> 
     </span>
     <span class='ocr_line' id='line_1_16' title="bbox 207 2203 347 2264; baseline -0.021 0"><span class='ocrx_word' id='word_1_145' title='bbox 207 2210 238 2264; x_wconf 71' lang='lat'><strong>1³</strong></span> <span class='ocrx_word' id='word_1_146' title='bbox 247 2203 347 2262; x_wconf 77' lang='lat' dir='ltr'><strong>Eidcs.</strong></span> 
     </span>
    </p>
   </div>
   <div class='ocr_carea' id='block_1_5' title="bbox 287 2345 1622 2517">
    <p class='ocr_par' dir='ltr' id='par_1_5' title="bbox 287 2345 1622 2517">
     <span class='ocr_line' id='line_1_17' title="bbox 287 2345 1622 2436; baseline 0.002 -20"><span class='ocrx_word' id='word_1_147' title='bbox 287 2355 316 2416; x_wconf 82' lang='lat'><strong>2.</strong></span> <span class='ocrx_word' id='word_1_148' title='bbox 345 2345 407 2436; x_wconf 88' lang='lat' dir='ltr'><strong>[Bt.</strong></span> <span class='ocrx_word' id='word_1_149' title='bbox 422 2348 494 2436; x_wconf 70' lang='lat'><strong>21⁸]</strong></span> <span class='ocrx_word' id='word_1_150' title='bbox 521 2367 750 2416; x_wconf 79' lang='lat' dir='ltr'><strong>mmusuruu</strong></span> <span class='ocrx_word' id='word_1_151' title='bbox 778 2359 1016 2418; x_wconf 80' lang='lat' dir='ltr'><strong>suescunrou</strong></span> <span class='ocrx_word' id='word_1_152' title='bbox 1039 2366 1167 2416; x_wconf 80' lang='lat' dir='ltr'><strong>mussa</strong></span> <span class='ocrx_word' id='word_1_153' title='bbox 1186 2366 1327 2415; x_wconf 78' lang='lat' dir='ltr'><strong>reamur</strong></span> <span class='ocrx_word' id='word_1_154' title='bbox 1351 2366 1622 2419; x_wconf 69' lang='lat' dir='ltr'><strong>numerosas</strong></span> 
     </span>
     <span class='ocr_line' id='line_1_18' title="bbox 635 2462 1273 2517; baseline -0.006 -1"><span class='ocrx_word' id='word_1_155' title='bbox 635 2467 762 2516; x_wconf 80' lang='lat' dir='ltr'><strong>smum</strong></span> <span class='ocrx_word' id='word_1_156' title='bbox 782 2462 872 2516; x_wconf 83' lang='lat' dir='ltr'><strong>rosr</strong></span> <span class='ocrx_word' id='word_1_157' title='bbox 892 2467 1014 2517; x_wconf 82' lang='lat' dir='ltr'><strong>soauu</strong></span> <span class='ocrx_word' id='word_1_158' title='bbox 1038 2464 1273 2515; x_wconf 72' lang='lat' dir='ltr'><strong>rasoriorum.</strong></span> 
     </span>
    </p>
   </div>
   <div class='ocr_carea' id='block_1_6' title="bbox 207 2594 1661 4052">
    <p class='ocr_par' dir='ltr' id='par_1_6' title="bbox 207 2594 1661 4052">
     <span class='ocr_line' id='line_1_19' title="bbox 331 2594 1657 2686; baseline 0.002 -22"><span class='ocrx_word' id='word_1_159' title='bbox 331 2596 425 2685; x_wconf 83' lang='lat' dir='ltr'><strong>„Ego</strong></span> <span class='ocrx_word' id='word_1_160' title='bbox 441 2597 489 2664; x_wconf 85' lang='lat' dir='ltr'><strong>.N.</strong></span> <span class='ocrx_word' id='word_1_161' title='bbox 509 2599 591 2680; x_wconf 86' lang='lat' dir='ltr'><strong>iuro,</strong></span> <span class='ocrx_word' id='word_1_162' title='bbox 613 2597 700 2686; x_wconf 90' lang='lat' dir='ltr'><strong>quod</strong></span> <span class='ocrx_word' id='word_1_163' title='bbox 718 2599 754 2663; x_wconf 91' lang='lat' dir='ltr'><strong>in</strong></span> <span class='ocrx_word' id='word_1_164' title='bbox 774 2607 870 2664; x_wconf 86' lang='lat' dir='ltr'><strong>antea</strong></span> <span class='ocrx_word' id='word_1_165' title='bbox 891 2597 932 2664; x_wconf 90' lang='lat' dir='ltr'><strong>de</strong></span> <span class='ocrx_word' id='word_1_166' title='bbox 952 2598 1109 2664; x_wconf 85' lang='lat' dir='ltr'><strong>faciendis</strong></span> <span class='ocrx_word' id='word_1_167' title='bbox 1129 2620 1189 2686; x_wconf 81' lang='lat' dir='ltr'><strong>per</strong></span> <span class='ocrx_word' id='word_1_168' title='bbox 1209 2619 1262 2661; x_wconf 88' lang='lat' dir='ltr'><strong>me</strong></span> <span class='ocrx_word' id='word_1_169' title='bbox 1283 2618 1346 2683; x_wconf 92' lang='lat' dir='ltr'><strong>quo</strong></span> <span class='ocrx_word' id='word_1_170' title='bbox 1366 2594 1410 2662; x_wconf 88' lang='lat' dir='ltr'><strong>ad</strong></span> <span class='ocrx_word' id='word_1_171' title='bbox 1432 2597 1657 2666; x_wconf 84' lang='lat' dir='ltr'><strong>admissionem</strong></span> 
     </span>
     <span class='ocr_line' id='line_1_20' title="bbox 248 2694 1660 2788; baseline 0.001 -27"><span class='ocrx_word' id='word_1_172' title='bbox 248 2694 302 2761; x_wconf 85' lang='lat' dir='ltr'><strong>vel</strong></span> <span class='ocrx_word' id='word_1_173' title='bbox 322 2698 531 2763; x_wconf 84' lang='lat' dir='ltr'><strong>reiectionem</strong></span> <span class='ocrx_word' id='word_1_174' title='bbox 550 2698 753 2784; x_wconf 88' lang='lat' dir='ltr'><strong>temptemini</strong></span> <span class='ocrx_word' id='word_1_175' title='bbox 773 2697 826 2762; x_wconf 82' lang='lat' dir='ltr'><strong>vel</strong></span> <span class='ocrx_word' id='word_1_176' title='bbox 855 2699 997 2763; x_wconf 85' lang='lat' dir='ltr'><strong>examini</strong></span> <span class='ocrx_word' id='word_1_177' title='bbox 1026 2721 1111 2763; x_wconf 89' lang='lat' dir='ltr'><strong>nunc</strong></span> <span class='ocrx_word' id='word_1_178' title='bbox 1138 2719 1173 2762; x_wconf 93' lang='lat' dir='ltr'><strong>se</strong></span> <span class='ocrx_word' id='word_1_179' title='bbox 1199 2695 1477 2781; x_wconf 86' lang='lat' dir='ltr'><strong>submittenoium,</strong></span> <span class='ocrx_word' id='word_1_180' title='bbox 1499 2721 1596 2788; x_wconf 89' lang='lat' dir='ltr'><strong>quem</strong></span> <span class='ocrx_word' id='word_1_181' title='bbox 1614 2698 1660 2764; x_wconf 88' lang='lat' dir='ltr'><strong>vel</strong></span> 
     </span>
     <span class='ocr_line' id='line_1_21' title="bbox 209 2793 1660 2884; baseline 0.003 -23"><span class='ocrx_word' id='word_1_182' title='bbox 209 2805 332 2884; x_wconf 84' lang='lat' dir='ltr'><strong>20quos</strong></span> <span class='ocrx_word' id='word_1_183' title='bbox 345 2818 407 2882; x_wconf 91' lang='lat' dir='ltr'><strong>ego</strong></span> <span class='ocrx_word' id='word_1_184' title='bbox 423 2796 593 2862; x_wconf 86' lang='lat' dir='ltr'><strong>admittere</strong></span> <span class='ocrx_word' id='word_1_185' title='bbox 612 2795 665 2862; x_wconf 82' lang='lat' dir='ltr'><strong>vel</strong></span> <span class='ocrx_word' id='word_1_186' title='bbox 685 2797 807 2863; x_wconf 90' lang='lat' dir='ltr'><strong>reicere</strong></span> <span class='ocrx_word' id='word_1_187' title='bbox 825 2796 933 2880; x_wconf 85' lang='lat' dir='ltr'><strong>velim,</strong></span> <span class='ocrx_word' id='word_1_188' title='bbox 956 2797 1066 2884; x_wconf 88' lang='lat' dir='ltr'><strong>quales</strong></span> <span class='ocrx_word' id='word_1_189' title='bbox 1087 2797 1189 2862; x_wconf 89' lang='lat' dir='ltr'><strong>eciam</strong></span> <span class='ocrx_word' id='word_1_190' title='bbox 1212 2796 1276 2882; x_wconf 92' lang='lat' dir='ltr'><strong>ipsi</strong></span> <span class='ocrx_word' id='word_1_191' title='bbox 1296 2793 1394 2860; x_wconf 89' lang='lat' dir='ltr'><strong>michi</strong></span> <span class='ocrx_word' id='word_1_192' title='bbox 1413 2796 1467 2863; x_wconf 87' lang='lat' dir='ltr'><strong>vel</strong></span> <span class='ocrx_word' id='word_1_193' title='bbox 1488 2802 1571 2864; x_wconf 88' lang='lat' dir='ltr'><strong>meis</strong></span> <span class='ocrx_word' id='word_1_194' title='bbox 1591 2821 1660 2864; x_wconf 83' lang='lat' dir='ltr'><strong>exs-</strong></span> 
     </span>
     <span class='ocr_line' id='line_1_22' title="bbox 250 2892 1661 2984; baseline 0.002 -24"><span class='ocrx_word' id='word_1_195' title='bbox 250 2895 462 2960; x_wconf 89' lang='lat' dir='ltr'><strong>minatoribus</strong></span> <span class='ocrx_word' id='word_1_196' title='bbox 491 2894 639 2961; x_wconf 89' lang='lat' dir='ltr'><strong>dederint</strong></span> <span class='ocrx_word' id='word_1_197' title='bbox 667 2892 911 2984; x_wconf 82' lang='lat' dir='ltr'><strong>responsiones,</strong></span> <span class='ocrx_word' id='word_1_198' title='bbox 938 2907 1013 2963; x_wconf 89' lang='lat' dir='ltr'><strong>ante</strong></span> <span class='ocrx_word' id='word_1_199' title='bbox 1038 2895 1212 2978; x_wconf 91' lang='lat' dir='ltr'><strong>iudicium,</strong></span> <span class='ocrx_word' id='word_1_200' title='bbox 1240 2893 1281 2960; x_wconf 90' lang='lat' dir='ltr'><strong>de</strong></span> <span class='ocrx_word' id='word_1_201' title='bbox 1305 2894 1363 2960; x_wconf 88' lang='lat' dir='ltr'><strong>tali</strong></span> <span class='ocrx_word' id='word_1_202' title='bbox 1389 2895 1443 2961; x_wconf 87' lang='lat' dir='ltr'><strong>vel</strong></span> <span class='ocrx_word' id='word_1_203' title='bbox 1469 2896 1661 2981; x_wconf 77' lang='lat' dir='ltr'><strong>tadibus,in</strong></span> 
     </span>
     <span class='ocr_line' id='line_1_23' title="bbox 247 2993 1660 3082; baseline 0.003 -24"><span class='ocrx_word' id='word_1_204' title='bbox 247 2995 456 3082; x_wconf 89' lang='lat' dir='ltr'><strong>temptamine</strong></span> <span class='ocrx_word' id='word_1_205' title='bbox 477 2993 530 3058; x_wconf 88' lang='lat' dir='ltr'><strong>vel</strong></span> <span class='ocrx_word' id='word_1_206' title='bbox 552 2996 702 3059; x_wconf 89' lang='lat' dir='ltr'><strong>examine</strong></span> <span class='ocrx_word' id='word_1_207' title='bbox 731 2997 904 3061; x_wconf 87' lang='lat' dir='ltr'><strong>constituto</strong></span> <span class='ocrx_word' id='word_1_208' title='bbox 924 2994 978 3061; x_wconf 88' lang='lat' dir='ltr'><strong>vel</strong></span> <span class='ocrx_word' id='word_1_209' title='bbox 1004 2995 1205 3077; x_wconf 87' lang='lat' dir='ltr'><strong>constitutis,</strong></span> <span class='ocrx_word' id='word_1_210' title='bbox 1233 2995 1325 3059; x_wconf 88' lang='lat' dir='ltr'><strong>iuxta</strong></span> <span class='ocrx_word' id='word_1_211' title='bbox 1350 2993 1516 3061; x_wconf 86' lang='lat' dir='ltr'><strong>facultatis</strong></span> <span class='ocrx_word' id='word_1_212' title='bbox 1543 2997 1660 3062; x_wconf 73' lang='lat' dir='ltr'><strong>muium</strong></span> 
     </span>
     <span class='ocr_line' id='line_1_24' title="bbox 249 3092 1660 3181; baseline 0.001 -23"><span class='ocrx_word' id='word_1_213' title='bbox 249 3092 512 3159; x_wconf 89' lang='lat' dir='ltr'><strong>consuetudinem</strong></span> <span class='ocrx_word' id='word_1_214' title='bbox 532 3092 654 3157; x_wconf 88' lang='lat' dir='ltr'><strong>factum</strong></span> <span class='ocrx_word' id='word_1_215' title='bbox 674 3103 708 3159; x_wconf 85' lang='lat' dir='ltr'><strong>et</strong></span> <span class='ocrx_word' id='word_1_216' title='bbox 727 3092 937 3181; x_wconf 90' lang='lat' dir='ltr'><strong>completum,</strong></span> <span class='ocrx_word' id='word_1_217' title='bbox 956 3093 1079 3160; x_wconf 87' lang='lat' dir='ltr'><strong>nullum</strong></span> <span class='ocrx_word' id='word_1_218' title='bbox 1100 3094 1229 3181; x_wconf 89' lang='lat' dir='ltr'><strong>penitus</strong></span> <span class='ocrx_word' id='word_1_219' title='bbox 1250 3093 1429 3159; x_wconf 86' lang='lat' dir='ltr'><strong>certificare</strong></span> <span class='ocrx_word' id='word_1_220' title='bbox 1454 3103 1513 3161; x_wconf 89' lang='lat' dir='ltr'><strong>aut</strong></span> <span class='ocrx_word' id='word_1_221' title='bbox 1539 3094 1581 3160; x_wconf 87' lang='lat' dir='ltr'><strong>de</strong></span> <span class='ocrx_word' id='word_1_222' title='bbox 1605 3094 1660 3160; x_wconf 85' lang='lat' dir='ltr'><strong>boe</strong></span> 
     </span>
     <span class='ocr_line' id='line_1_25' title="bbox 251 3190 1660 3278; baseline 0.004 -23"><span class='ocrx_word' id='word_1_223' title='bbox 251 3213 361 3256; x_wconf 89' lang='lat' dir='ltr'><strong>coram</strong></span> <span class='ocrx_word' id='word_1_224' title='bbox 384 3190 492 3278; x_wconf 88' lang='lat' dir='ltr'><strong>aliquo</strong></span> <span class='ocrx_word' id='word_1_225' title='bbox 512 3200 669 3258; x_wconf 87' lang='lat' dir='ltr'><strong>extraneo</strong></span> <span class='ocrx_word' id='word_1_226' title='bbox 690 3202 747 3258; x_wconf 88' lang='lat' dir='ltr'><strong>aut</strong></span> <span class='ocrx_word' id='word_1_227' title='bbox 767 3194 869 3258; x_wconf 90' lang='lat' dir='ltr'><strong>eciam</strong></span> <span class='ocrx_word' id='word_1_228' title='bbox 890 3215 931 3258; x_wconf 90' lang='lat' dir='ltr'><strong>ex</strong></span> <span class='ocrx_word' id='word_1_229' title='bbox 953 3192 1051 3258; x_wconf 90' lang='lat' dir='ltr'><strong>michi</strong></span> <span class='ocrx_word' id='word_1_230' title='bbox 1072 3190 1294 3278; x_wconf 90' lang='lat' dir='ltr'><strong>condeputatis</strong></span> <span class='ocrx_word' id='word_1_231' title='bbox 1315 3190 1597 3260; x_wconf 83' lang='lat' dir='ltr'><strong>examinatoribus</strong></span> <span class='ocrx_word' id='word_1_232' title='bbox 1613 3215 1660 3259; x_wconf 88' lang='lat' dir='ltr'><strong>me</strong></span> 
     </span>
     <span class='ocr_line' id='line_1_26' title="bbox 207 3289 1660 3378; baseline 0.003 -24"><span class='ocrx_word' id='word_1_233' title='bbox 207 3290 429 3374; x_wconf 84' lang='lat' dir='ltr'><strong>25resolvere,</strong></span> <span class='ocrx_word' id='word_1_234' title='bbox 452 3293 634 3378; x_wconf 88' lang='lat' dir='ltr'><strong>praemissa</strong></span> <span class='ocrx_word' id='word_1_235' title='bbox 654 3300 762 3356; x_wconf 88' lang='lat' dir='ltr'><strong>tamen</strong></span> <span class='ocrx_word' id='word_1_236' title='bbox 786 3291 1032 3357; x_wconf 87' lang='lat' dir='ltr'><strong>interlocucione</strong></span> <span class='ocrx_word' id='word_1_237' title='bbox 1057 3289 1201 3378; x_wconf 84' lang='lat' dir='ltr'><strong>generali</strong></span> <span class='ocrx_word' id='word_1_238' title='bbox 1229 3290 1270 3355; x_wconf 92' lang='lat' dir='ltr'><strong>de</strong></span> <span class='ocrx_word' id='word_1_239' title='bbox 1297 3291 1573 3378; x_wconf 86' lang='lat' dir='ltr'><strong>circumstanciis,</strong></span> <span class='ocrx_word' id='word_1_240' title='bbox 1599 3303 1660 3358; x_wconf 83' lang='lat' dir='ltr'><strong>tam</strong></span> 
     </span>
     <span class='ocr_line' id='line_1_27' title="bbox 248 3382 1659 3478; baseline 0.002 -24"><span class='ocrx_word' id='word_1_241' title='bbox 248 3382 311 3474; x_wconf 75' lang='lat' dir='ltr'><strong>quo</strong></span> <span class='ocrx_word' id='word_1_242' title='bbox 334 3388 377 3453; x_wconf 90' lang='lat' dir='ltr'><strong>ad</strong></span> <span class='ocrx_word' id='word_1_243' title='bbox 400 3413 506 3457; x_wconf 88' lang='lat' dir='ltr'><strong>mores</strong></span> <span class='ocrx_word' id='word_1_244' title='bbox 529 3413 627 3478; x_wconf 88' lang='lat' dir='ltr'><strong>quam</strong></span> <span class='ocrx_word' id='word_1_245' title='bbox 655 3392 812 3456; x_wconf 88' lang='lat' dir='ltr'><strong>sciencias</strong></span> <span class='ocrx_word' id='word_1_246' title='bbox 840 3412 1052 3478; x_wconf 86' lang='lat' dir='ltr'><strong>personarum</strong></span> <span class='ocrx_word' id='word_1_247' title='bbox 1079 3398 1111 3455; x_wconf 90' lang='lat' dir='ltr'><strong>et</strong></span> <span class='ocrx_word' id='word_1_248' title='bbox 1136 3392 1224 3455; x_wconf 86' lang='lat' dir='ltr'><strong>vitae</strong></span> <span class='ocrx_word' id='word_1_249' title='bbox 1242 3391 1411 3473; x_wconf 87' lang='lat' dir='ltr'><strong>meritum,</strong></span> <span class='ocrx_word' id='word_1_250' title='bbox 1437 3413 1500 3458; x_wconf 86' lang='lat' dir='ltr'><strong>nec</strong></span> <span class='ocrx_word' id='word_1_251' title='bbox 1526 3391 1659 3478; x_wconf 88' lang='lat' dir='ltr'><strong>aliquem</strong></span> 
     </span>
     <span class='ocr_line' id='line_1_28' title="bbox 252 3487 1659 3576; baseline 0.003 -24"><span class='ocrx_word' id='word_1_252' title='bbox 252 3509 293 3552; x_wconf 88' lang='lat' dir='ltr'><strong>ex</strong></span> <span class='ocrx_word' id='word_1_253' title='bbox 308 3487 373 3554; x_wconf 90' lang='lat' dir='ltr'><strong>illis</strong></span> <span class='ocrx_word' id='word_1_254' title='bbox 393 3490 427 3554; x_wconf 92' lang='lat' dir='ltr'><strong>in</strong></span> <span class='ocrx_word' id='word_1_255' title='bbox 448 3490 660 3576; x_wconf 90' lang='lat' dir='ltr'><strong>praescriptis</strong></span> <span class='ocrx_word' id='word_1_256' title='bbox 679 3488 723 3554; x_wconf 90' lang='lat' dir='ltr'><strong>ad</strong></span> <span class='ocrx_word' id='word_1_257' title='bbox 744 3512 778 3555; x_wconf 90' lang='lat' dir='ltr'><strong>se</strong></span> <span class='ocrx_word' id='word_1_258' title='bbox 798 3489 1024 3555; x_wconf 88' lang='lat' dir='ltr'><strong>resolvendum</strong></span> <span class='ocrx_word' id='word_1_259' title='bbox 1046 3488 1208 3570; x_wconf 90' lang='lat' dir='ltr'><strong>inducere,</strong></span> <span class='ocrx_word' id='word_1_260' title='bbox 1232 3488 1288 3554; x_wconf 89' lang='lat' dir='ltr'><strong>sed</strong></span> <span class='ocrx_word' id='word_1_261' title='bbox 1310 3489 1488 3555; x_wconf 87' lang='lat' dir='ltr'><strong>secundum</strong></span> <span class='ocrx_word' id='word_1_262' title='bbox 1503 3490 1659 3557; x_wconf 81' lang='lat' dir='ltr'><strong>facultatis</strong></span> 
     </span>
     <span class='ocr_line' id='line_1_29' title="bbox 250 3586 1659 3677; baseline 0.004 -26"><span class='ocrx_word' id='word_1_263' title='bbox 250 3589 375 3653; x_wconf 89' lang='lat' dir='ltr'><strong>areium</strong></span> <span class='ocrx_word' id='word_1_264' title='bbox 396 3597 518 3653; x_wconf 88' lang='lat' dir='ltr'><strong>statuta</strong></span> <span class='ocrx_word' id='word_1_265' title='bbox 539 3586 655 3674; x_wconf 88' lang='lat' dir='ltr'><strong>dignos</strong></span> <span class='ocrx_word' id='word_1_266' title='bbox 668 3587 866 3676; x_wconf 57' lang='lat' dir='ltr'><strong>‚simpliciter</strong></span> <span class='ocrx_word' id='word_1_267' title='bbox 893 3588 1063 3653; x_wconf 90' lang='lat' dir='ltr'><strong>admittere</strong></span> <span class='ocrx_word' id='word_1_268' title='bbox 1085 3598 1117 3653; x_wconf 90' lang='lat' dir='ltr'><strong>et</strong></span> <span class='ocrx_word' id='word_1_269' title='bbox 1136 3587 1286 3674; x_wconf 88' lang='lat' dir='ltr'><strong>indignos</strong></span> <span class='ocrx_word' id='word_1_270' title='bbox 1314 3588 1507 3677; x_wconf 88' lang='lat' dir='ltr'><strong>simpliciter</strong></span> <span class='ocrx_word' id='word_1_271' title='bbox 1533 3588 1659 3672; x_wconf 82' lang='lat' dir='ltr'><strong>reicere,</strong></span> 
     </span>
     <span class='ocr_line' id='line_1_30' title="bbox 251 3685 1658 3775; baseline 0.002 -23"><span class='ocrx_word' id='word_1_272' title='bbox 251 3698 283 3752; x_wconf 86' lang='lat' dir='ltr'><strong>et</strong></span> <span class='ocrx_word' id='word_1_273' title='bbox 304 3695 381 3775; x_wconf 88' lang='lat' dir='ltr'><strong>post</strong></span> <span class='ocrx_word' id='word_1_274' title='bbox 401 3687 576 3770; x_wconf 90' lang='lat' dir='ltr'><strong>iudicium,</strong></span> <span class='ocrx_word' id='word_1_275' title='bbox 597 3709 656 3774; x_wconf 90' lang='lat' dir='ltr'><strong>per</strong></span> <span class='ocrx_word' id='word_1_276' title='bbox 677 3701 729 3751; x_wconf 90' lang='lat' dir='ltr'><strong>me</strong></span> <span class='ocrx_word' id='word_1_277' title='bbox 749 3697 780 3751; x_wconf 89' lang='lat' dir='ltr'><strong>et</strong></span> <span class='ocrx_word' id='word_1_278' title='bbox 801 3686 882 3753; x_wconf 92' lang='lat' dir='ltr'><strong>alios</strong></span> <span class='ocrx_word' id='word_1_279' title='bbox 903 3687 1041 3770; x_wconf 86' lang='lat' dir='ltr'><strong>factum,</strong></span> <span class='ocrx_word' id='word_1_280' title='bbox 1063 3685 1141 3774; x_wconf 90' lang='lat' dir='ltr'><strong>quid</strong></span> <span class='ocrx_word' id='word_1_281' title='bbox 1163 3709 1223 3772; x_wconf 91' lang='lat' dir='ltr'><strong>ego</strong></span> <span class='ocrx_word' id='word_1_282' title='bbox 1245 3697 1302 3753; x_wconf 89' lang='lat' dir='ltr'><strong>aut</strong></span> <span class='ocrx_word' id='word_1_283' title='bbox 1321 3686 1439 3775; x_wconf 88' lang='lat' dir='ltr'><strong>aliquis</strong></span> <span class='ocrx_word' id='word_1_284' title='bbox 1461 3689 1658 3755; x_wconf 83' lang='lat' dir='ltr'><strong>coexamius·</strong></span> 
     </span>
     <span class='ocr_line' id='line_1_31' title="bbox 208 3783 1658 3869; baseline 0.002 -17"><span class='ocrx_word' id='word_1_285' title='bbox 208 3795 359 3852; x_wconf 72' lang='lat' dir='ltr'><strong>totorum</strong></span> <span class='ocrx_word' id='word_1_286' title='bbox 374 3808 519 3852; x_wconf 90' lang='lat' dir='ltr'><strong>meorum</strong></span> <span class='ocrx_word' id='word_1_287' title='bbox 536 3784 717 3869; x_wconf 90' lang='lat' dir='ltr'><strong>fecerimus,</strong></span> <span class='ocrx_word' id='word_1_288' title='bbox 737 3785 817 3851; x_wconf 92' lang='lat' dir='ltr'><strong>nulli</strong></span> <span class='ocrx_word' id='word_1_289' title='bbox 837 3785 982 3852; x_wconf 87' lang='lat' dir='ltr'><strong>revelare</strong></span> <span class='ocrx_word' id='word_1_290' title='bbox 1003 3785 1087 3852; x_wconf 90' lang='lat' dir='ltr'><strong>volo.</strong></span> <span class='ocrx_word' id='word_1_291' title='bbox 1130 3783 1185 3851; x_wconf 86' lang='lat' dir='ltr'><strong>Sic</strong></span> <span class='ocrx_word' id='word_1_292' title='bbox 1205 3798 1257 3851; x_wconf 81' lang='lat' dir='ltr'><strong>me</strong></span> <span class='ocrx_word' id='word_1_293' title='bbox 1278 3784 1356 3851; x_wconf 89' lang='lat' dir='ltr'><strong>deus</strong></span> <span class='ocrx_word' id='word_1_294' title='bbox 1378 3785 1513 3854; x_wconf 85' lang='lat' dir='ltr'><strong>adiuvet</strong></span> <span class='ocrx_word' id='word_1_295' title='bbox 1534 3800 1567 3854; x_wconf 89' lang='lat' dir='ltr'><strong>et</strong></span> <span class='ocrx_word' id='word_1_296' title='bbox 1586 3787 1658 3854; x_wconf 76' lang='lat' dir='ltr'><strong>hsce</strong></span> 
     </span>
     <span class='ocr_line' id='line_1_32' title="bbox 250 3882 669 3971; baseline -0.007 -20"><span class='ocrx_word' id='word_1_297' title='bbox 250 3895 363 3951; x_wconf 87' lang='lat' dir='ltr'><strong>sancta</strong></span> <span class='ocrx_word' id='word_1_298' title='bbox 386 3886 439 3951; x_wconf 94' lang='lat' dir='ltr'><strong>dei</strong></span> <span class='ocrx_word' id='word_1_299' title='bbox 460 3882 669 3971; x_wconf 82' lang='lat' dir='ltr'><strong>euangelia.“</strong></span> 
     </span>
     <span class='ocr_line' id='line_1_33' title="bbox 332 3983 1560 4052; baseline 0.002 -3"><span class='ocrx_word' id='word_1_300' title='bbox 332 3984 377 4049; x_wconf 85' lang='lat' dir='ltr'><strong>Et</strong></span> <span class='ocrx_word' id='word_1_301' title='bbox 398 3985 441 4050; x_wconf 89' lang='lat' dir='ltr'><strong>ad</strong></span> <span class='ocrx_word' id='word_1_302' title='bbox 462 3983 550 4049; x_wconf 92' lang='lat' dir='ltr'><strong>idem</strong></span> <span class='ocrx_word' id='word_1_303' title='bbox 569 3992 697 4050; x_wconf 87' lang='lat' dir='ltr'><strong>tenetur</strong></span> <span class='ocrx_word' id='word_1_304' title='bbox 718 3983 858 4049; x_wconf 88' lang='lat' dir='ltr'><strong>decanus</strong></span> <span class='ocrx_word' id='word_1_305' title='bbox 881 3994 914 4048; x_wconf 91' lang='lat' dir='ltr'><strong>et</strong></span> <span class='ocrx_word' id='word_1_306' title='bbox 933 3983 1217 4050; x_wconf 86' lang='lat' dir='ltr'><strong>vicecancellarius</strong></span> <span class='ocrx_word' id='word_1_307' title='bbox 1237 3984 1401 4051; x_wconf 89' lang='lat' dir='ltr'><strong>facultatis</strong></span> <span class='ocrx_word' id='word_1_308' title='bbox 1421 3987 1560 4052; x_wconf 84' lang='lat' dir='ltr'><strong>arcium.</strong></span> 
     </span>
    </p>
   </div>
   <div class='ocr_carea' id='block_1_7' title="bbox 248 4273 1654 4432">
    <p class='ocr_par' dir='ltr' id='par_1_7' title="bbox 248 4273 1654 4432">
     <span class='ocr_line' id='line_1_34' title="bbox 263 4273 1654 4355; baseline 0.009 -23"><span class='ocrx_word' id='word_1_309' title='bbox 263 4301 266 4308; x_wconf 94' lang='lat'>·</span> <span class='ocrx_word' id='word_1_310' title='bbox 336 4275 430 4333; x_wconf 79' lang='lat' dir='ltr'><strong>Dona</strong></span> <span class='ocrx_word' id='word_1_311' title='bbox 463 4293 520 4332; x_wconf 80' lang='lat' dir='ltr'><strong>oon</strong></span> <span class='ocrx_word' id='word_1_312' title='bbox 554 4275 608 4332; x_wconf 80' lang='lat' dir='ltr'><strong>der</strong></span> <span class='ocrx_word' id='word_1_313' title='bbox 645 4275 743 4333; x_wconf 84' lang='lat' dir='ltr'><strong>Hand</strong></span> <span class='ocrx_word' id='word_1_314' title='bbox 775 4277 827 4333; x_wconf 80' lang='lat' dir='ltr'><strong>des</strong></span> <span class='ocrx_word' id='word_1_315' title='bbox 860 4275 1010 4333; x_wconf 74' lang='lat' dir='ltr'><strong>Iohannes</strong></span> <span class='ocrx_word' id='word_1_316' title='bbox 1039 4276 1162 4334; x_wconf 79' lang='lat' dir='ltr'><strong>Brundt</strong></span> <span class='ocrx_word' id='word_1_317' title='bbox 1192 4277 1228 4334; x_wconf 86' lang='lat' dir='ltr'><strong>de</strong></span> <span class='ocrx_word' id='word_1_318' title='bbox 1255 4274 1438 4355; x_wconf 70' lang='lat' dir='ltr'><strong>Retiaburp,</strong></span> <span class='ocrx_word' id='word_1_319' title='bbox 1470 4279 1527 4338; x_wconf 79' lang='lat' dir='ltr'><strong>der</strong></span> <span class='ocrx_word' id='word_1_320' title='bbox 1561 4273 1654 4344; x_wconf 63' lang='grc' dir='ltr'><strong>1482ι</strong></span> 
     </span>
     <span class='ocr_line' id='line_1_35' title="bbox 248 4374 449 4432; baseline 0 -1"><span class='ocrx_word' id='word_1_321' title='bbox 248 4374 354 4432; x_wconf 77' lang='lat' dir='ltr'><strong>Decea</strong></span> <span class='ocrx_word' id='word_1_322' title='bbox 374 4392 449 4431; x_wconf 84' lang='lat' dir='ltr'><strong>war.</strong></span> 
     </span>
    </p>
   </div>
   <div class='ocr_carea' id='block_1_8' title="bbox 207 4526 1652 4687">
    <p class='ocr_par' dir='ltr' id='par_1_8' title="bbox 207 4526 1652 4687">
     <span class='ocr_line' id='line_1_36' title="bbox 207 4526 1652 4594; baseline 0.001 -9"><span class='ocrx_word' id='word_1_323' title='bbox 207 4526 277 4588; x_wconf 77' lang='grc'><strong>353.</strong></span> <span class='ocrx_word' id='word_1_324' title='bbox 302 4537 489 4586; x_wconf 76' lang='grc' dir='ltr'><strong>ΒΤΔΤΙῙΤΗΜ</strong></span> <span class='ocrx_word' id='word_1_325' title='bbox 509 4535 706 4588; x_wconf 64' lang='lat' dir='ltr'><strong>suspicatus</strong></span> <span class='ocrx_word' id='word_1_326' title='bbox 735 4536 928 4587; x_wconf 74' lang='lat' dir='ltr'><strong>uafflsuuos</strong></span> <span class='ocrx_word' id='word_1_327' title='bbox 948 4538 993 4585; x_wconf 79' lang='grc' dir='ltr'><strong>ΕΤ</strong></span> <span class='ocrx_word' id='word_1_328' title='bbox 1014 4537 1248 4586; x_wconf 70' lang='lat' dir='ltr'><strong>ssccmsmos</strong></span> <span class='ocrx_word' id='word_1_329' title='bbox 1267 4538 1422 4594; x_wconf 69' lang='lat' dir='ltr'><strong>summ</strong></span> <span class='ocrx_word' id='word_1_330' title='bbox 1442 4540 1652 4590; x_wconf 72' lang='lat' dir='ltr'><strong>UNIVERSffl·</strong></span> 
     </span>
     <span class='ocr_line' id='line_1_37' title="bbox 492 4635 1423 4687; baseline 0.003 -4"><span class='ocrx_word' id='word_1_331' title='bbox 492 4635 565 4684; x_wconf 74' lang='lat' dir='ltr'><strong>TUM</strong></span> <span class='ocrx_word' id='word_1_332' title='bbox 585 4637 765 4686; x_wconf 69' lang='lat' dir='ltr'><strong>Passurus</strong></span> <span class='ocrx_word' id='word_1_333' title='bbox 784 4636 933 4686; x_wconf 76' lang='lat' dir='ltr'><strong>assum</strong></span> <span class='ocrx_word' id='word_1_334' title='bbox 952 4637 999 4687; x_wconf 85' lang='grc' dir='ltr'><strong>ΔΙ)</strong></span> <span class='ocrx_word' id='word_1_335' title='bbox 1020 4636 1179 4685; x_wconf 71' lang='lat' dir='ltr'><strong>exsulum</strong></span> <span class='ocrx_word' id='word_1_336' title='bbox 1198 4638 1423 4687; x_wconf 69' lang='lat' dir='ltr'><strong>sueonum.</strong></span> 
     </span>
    </p>
   </div>
   <div class='ocr_carea' id='block_1_9' title="bbox 250 4745 1649 5058">
    <p class='ocr_par' dir='ltr' id='par_1_9' title="bbox 250 4745 1649 5058">
     <span class='ocr_line' id='line_1_38' title="bbox 334 4745 1649 4858; baseline 0.004 -25"><span class='ocrx_word' id='word_1_337' title='bbox 334 4768 428 4833; x_wconf 85' lang='lat' dir='ltr'><strong>Anno</strong></span> <span class='ocrx_word' id='word_1_338' title='bbox 461 4745 581 4833; x_wconf 92' lang='lat' dir='ltr'><strong>domini</strong></span> <span class='ocrx_word' id='word_1_339' title='bbox 615 4768 1465 4858; x_wconf 85' lang='lat' dir='ltr'><strong>millesimoquadringentesimooctuagesimosecundo</strong></span> <span class='ocrx_word' id='word_1_340' title='bbox 1494 4773 1549 4838; x_wconf 89' lang='lat' dir='ltr'><strong>die</strong></span> <span class='ocrx_word' id='word_1_341' title='bbox 1574 4771 1649 4837; x_wconf 67' lang='lat' dir='ltr'><strong>Mas</strong></span> 
     </span>
     <span class='ocr_line' id='line_1_39' title="bbox 250 4867 1648 4958; baseline 0.005 -27"><span class='ocrx_word' id='word_1_342' title='bbox 250 4869 310 4950; x_wconf 89' lang='lat' dir='ltr'><strong>tis,</strong></span> <span class='ocrx_word' id='word_1_343' title='bbox 333 4867 459 4933; x_wconf 87' lang='lat' dir='ltr'><strong>decima</strong></span> <span class='ocrx_word' id='word_1_344' title='bbox 487 4869 608 4933; x_wconf 87' lang='lat' dir='ltr'><strong>m&#39;ensis</strong></span> <span class='ocrx_word' id='word_1_345' title='bbox 634 4867 827 4933; x_wconf 90' lang='lat' dir='ltr'><strong>Decembris</strong></span> <span class='ocrx_word' id='word_1_346' title='bbox 856 4873 950 4944; x_wconf 80' lang='lat'><strong>(1482</strong></span> <span class='ocrx_word' id='word_1_347' title='bbox 971 4877 999 4936; x_wconf 85' lang='lat' dir='ltr'><strong>d.</strong></span> <span class='ocrx_word' id='word_1_348' title='bbox 1023 4877 1069 4939; x_wconf 81' lang='lat' dir='ltr'><strong>to.</strong></span> <span class='ocrx_word' id='word_1_349' title='bbox 1091 4873 1277 4953; x_wconf 79' lang='lat' dir='ltr'><strong>December),</strong></span> <span class='ocrx_word' id='word_1_350' title='bbox 1303 4870 1391 4936; x_wconf 87' lang='lat' dir='ltr'><strong>facta</strong></span> <span class='ocrx_word' id='word_1_351' title='bbox 1409 4869 1509 4957; x_wconf 87' lang='lat' dir='ltr'><strong>plena</strong></span> <span class='ocrx_word' id='word_1_352' title='bbox 1529 4892 1648 4958; x_wconf 73' lang='lat' dir='ltr'><strong>congre</strong></span> 
     </span>
     <span class='ocr_line' id='line_1_40' title="bbox 251 4966 1647 5058; baseline 0 -26"><span class='ocrx_word' id='word_1_353' title='bbox 251 4969 381 5053; x_wconf 87' lang='lat' dir='ltr'><strong>gatione</strong></span> <span class='ocrx_word' id='word_1_354' title='bbox 417 4969 645 5053; x_wconf 85' lang='lat' dir='ltr'><strong>magistrorum</strong></span> <span class='ocrx_word' id='word_1_355' title='bbox 685 4966 726 5031; x_wconf 87' lang='lat' dir='ltr'><strong>de</strong></span> <span class='ocrx_word' id='word_1_356' title='bbox 758 4966 891 5031; x_wconf 89' lang='lat' dir='ltr'><strong>consilio</strong></span> <span class='ocrx_word' id='word_1_357' title='bbox 925 4968 1087 5034; x_wconf 89' lang='lat' dir='ltr'><strong>facultatis</strong></span> <span class='ocrx_word' id='word_1_358' title='bbox 1119 4971 1240 5033; x_wconf 86' lang='lat' dir='ltr'><strong>arcium</strong></span> <span class='ocrx_word' id='word_1_359' title='bbox 1273 4969 1334 5035; x_wconf 86' lang='lat' dir='ltr'><strong>sub</strong></span> <span class='ocrx_word' id='word_1_360' title='bbox 1366 4969 1477 5036; x_wconf 90' lang='lat' dir='ltr'><strong>debito</strong></span> <span class='ocrx_word' id='word_1_361' title='bbox 1514 4968 1647 5058; x_wconf 89' lang='lat' dir='ltr'><strong>praestiti</strong></span> 
     </span>
    </p>
   </div>
   <div class='ocr_carea' id='block_1_10' title="bbox 336 5130 1266 5204">
    <p class='ocr_par' dir='ltr' id='par_1_10' title="bbox 336 5130 1266 5204">
     <span class='ocr_line' id='line_1_41' title="bbox 336 5130 1266 5204; baseline 0.002 -18"><span class='ocrx_word' id='word_1_362' title='bbox 336 5137 347 5186; x_wconf 86' lang='lat' dir='ltr'><strong>l</strong></span> <span class='ocrx_word' id='word_1_363' title='bbox 370 5130 423 5186; x_wconf 91' lang='lat' dir='ltr'><strong>Die</strong></span> <span class='ocrx_word' id='word_1_364' title='bbox 440 5131 537 5187; x_wconf 90' lang='lat' dir='ltr'><strong>Worte</strong></span> <span class='ocrx_word' id='word_1_365' title='bbox 554 5138 579 5185; x_wconf 77' lang='lat' dir='ltr'><strong>et</strong></span> <span class='ocrx_word' id='word_1_366' title='bbox 587 5134 719 5199; x_wconf 67' lang='lat' dir='ltr'><strong>sorssors</strong></span> <span class='ocrx_word' id='word_1_367' title='bbox 734 5133 765 5184; x_wconf 82' lang='lat' dir='ltr'><strong>r&#39;o</strong></span> <span class='ocrx_word' id='word_1_368' title='bbox 781 5133 821 5185; x_wconf 69' lang='lat' dir='ltr'><strong>ors</strong></span> <span class='ocrx_word' id='word_1_369' title='bbox 837 5131 960 5201; x_wconf 66' lang='lat' dir='ltr'><strong>camapio</strong></span> <span class='ocrx_word' id='word_1_370' title='bbox 976 5133 1037 5186; x_wconf 91' lang='lat' dir='ltr'><strong>siud</strong></span> <span class='ocrx_word' id='word_1_371' title='bbox 1052 5133 1266 5204; x_wconf 73' lang='lat' dir='ltr'><strong>uachgemageu.</strong></span> 
     </span>
    </p>
   </div>
   <div class='ocr_carea' id='block_1_11' title="bbox 0 0 1887 6148">
    <p class='ocr_par' dir='ltr' id='par_1_11' title="bbox 0 0 1887 6148">
     <span class='ocr_line' id='line_1_42' title="bbox 0 0 1887 6148; baseline 0 0"><span class='ocrx_word' id='word_1_372' title='bbox 0 0 1887 6148; x_wconf 95' lang='lat' dir='ltr'><strong> </strong></span> 
     </span>
    </p>
   </div>
  </div>
 </body>
</html>
