<?xml version="1.0" encoding="UTF-8"?>
<!DOCTYPE html PUBLIC "-//W3C//DTD XHTML 1.0 Transitional//EN"
    "http://www.w3.org/TR/xhtml1/DTD/xhtml1-transitional.dtd">
<html xmlns="http://www.w3.org/1999/xhtml" xml:lang="en" lang="en">
 <head>
  <title>
</title>
<meta http-equiv="Content-Type" content="text/html;charset=utf-8" />
  <meta name='ocr-system' content='tesseract 3.04.00' />
  <meta name='ocr-capabilities' content='ocr_page ocr_carea ocr_par ocr_line ocrx_word'/>
</head>
<body>
  <div class='ocr_page' id='page_1' title='image "./diestatutenbche00univgoog_0387.png"; bbox 0 0 3756 6158; ppageno 0'>
   <div class='ocr_carea' id='block_1_1' title="bbox 241 450 1160 517">
    <p class='ocr_par' dir='ltr' id='par_1_1' title="bbox 241 450 1160 517">
     <span class='ocr_line' id='line_1_1' title="bbox 241 450 1160 517; baseline -0.012 -2"><span class='ocrx_word' id='word_1_1' title='bbox 241 450 303 517; x_wconf 84' lang='grc'><strong>368</strong></span> <span class='ocrx_word' id='word_1_2' title='bbox 730 452 781 502; x_wconf 87' lang='lat' dir='ltr'><strong>Dic</strong></span> <span class='ocrx_word' id='word_1_3' title='bbox 798 450 1016 516; x_wconf 83' lang='lat' dir='ltr'><strong>philosophisehe</strong></span> <span class='ocrx_word' id='word_1_4' title='bbox 1033 452 1160 505; x_wconf 65' lang='lat' dir='ltr'><strong>sanat.</strong></span> 
     </span>
    </p>
   </div>
   <div class='ocr_carea' id='block_1_2' title="bbox 243 629 1663 813">
    <p class='ocr_par' dir='ltr' id='par_1_2' title="bbox 243 629 1663 813">
     <span class='ocr_line' id='line_1_2' title="bbox 325 629 1663 724; baseline 0.004 -28"><span class='ocrx_word' id='word_1_5' title='bbox 325 633 405 696; x_wconf 83' lang='lat' dir='ltr'><strong>Item</strong></span> <span class='ocrx_word' id='word_1_6' title='bbox 428 630 514 718; x_wconf 92' lang='lat' dir='ltr'><strong>quod</strong></span> <span class='ocrx_word' id='word_1_7' title='bbox 535 629 636 695; x_wconf 90' lang='lat' dir='ltr'><strong>velint</strong></span> <span class='ocrx_word' id='word_1_8' title='bbox 665 630 836 698; x_wconf 81' lang='lat' dir='ltr'><strong>admittere</strong></span> <span class='ocrx_word' id='word_1_9' title='bbox 865 632 981 719; x_wconf 88' lang='lat' dir='ltr'><strong>dignos</strong></span> <span class='ocrx_word' id='word_1_10' title='bbox 1007 642 1040 698; x_wconf 92' lang='lat' dir='ltr'><strong>et</strong></span> <span class='ocrx_word' id='word_1_11' title='bbox 1064 636 1185 700; x_wconf 82' lang='lat' dir='ltr'><strong>reicere</strong></span> <span class='ocrx_word' id='word_1_12' title='bbox 1210 633 1362 720; x_wconf 89' lang='lat' dir='ltr'><strong>indignos</strong></span> <span class='ocrx_word' id='word_1_13' title='bbox 1384 634 1454 699; x_wconf 90' lang='lat' dir='ltr'><strong>sine</strong></span> <span class='ocrx_word' id='word_1_14' title='bbox 1476 656 1663 724; x_wconf 89' lang='lat' dir='ltr'><strong>quocunque</strong></span> 
     </span>
     <span class='ocr_line' id='line_1_3' title="bbox 243 729 1055 813; baseline 0.002 -17"><span class='ocrx_word' id='word_1_15' title='bbox 243 752 389 813; x_wconf 89' lang='lat' dir='ltr'><strong>rancore,</strong></span> <span class='ocrx_word' id='word_1_16' title='bbox 410 730 543 813; x_wconf 86' lang='lat' dir='ltr'><strong>invidia,</strong></span> <span class='ocrx_word' id='word_1_17' title='bbox 566 729 839 798; x_wconf 90' lang='lat' dir='ltr'><strong>subordinacionc</strong></span> <span class='ocrx_word' id='word_1_18' title='bbox 859 732 911 798; x_wconf 92' lang='lat' dir='ltr'><strong>vel</strong></span> <span class='ocrx_word' id='word_1_19' title='bbox 935 755 1055 800; x_wconf 88' lang='lat' dir='ltr'><strong>amore.</strong></span> 
     </span>
    </p>
   </div>
   <div class='ocr_carea' id='block_1_3' title="bbox 202 842 1667 1930">
    <p class='ocr_par' dir='ltr' id='par_1_3' title="bbox 202 842 1667 1930">
     <span class='ocr_line' id='line_1_4' title="bbox 329 842 1664 937; baseline 0.002 -25"><span class='ocrx_word' id='word_1_20' title='bbox 329 847 441 912; x_wconf 87' lang='lat' dir='ltr'><strong>Placet</strong></span> <span class='ocrx_word' id='word_1_21' title='bbox 462 849 564 912; x_wconf 90' lang='lat' dir='ltr'><strong>eciam</strong></span> <span class='ocrx_word' id='word_1_22' title='bbox 585 845 714 912; x_wconf 91' lang='lat' dir='ltr'><strong>domino</strong></span> <span class='ocrx_word' id='word_1_23' title='bbox 735 869 807 913; x_wconf 90' lang='lat' dir='ltr'><strong>meo</strong></span> <span class='ocrx_word' id='word_1_24' title='bbox 829 851 998 935; x_wconf 89' lang='lat' dir='ltr'><strong>graciose,</strong></span> <span class='ocrx_word' id='word_1_25' title='bbox 1027 849 1113 937; x_wconf 89' lang='lat' dir='ltr'><strong>quod</strong></span> <span class='ocrx_word' id='word_1_26' title='bbox 1133 842 1505 937; x_wconf 52' lang='lat' dir='ltr'><strong>magister‘promovens</strong></span> <span class='ocrx_word' id='word_1_27' title='bbox 1528 849 1664 937; x_wconf 76' lang='lat' dir='ltr'><strong>aliquem</strong></span> 
     </span>
     <span class='ocr_line' id='line_1_5' title="bbox 244 945 1665 1036; baseline 0.001 -22"><span class='ocrx_word' id='word_1_28' title='bbox 244 947 363 1014; x_wconf 88' lang='lat' dir='ltr'><strong>habeat</strong></span> <span class='ocrx_word' id='word_1_29' title='bbox 391 955 512 1012; x_wconf 89' lang='lat' dir='ltr'><strong>certam</strong></span> <span class='ocrx_word' id='word_1_30' title='bbox 541 955 668 1033; x_wconf 90' lang='lat' dir='ltr'><strong>partem</strong></span> <span class='ocrx_word' id='word_1_31' title='bbox 689 945 729 1010; x_wconf 93' lang='lat' dir='ltr'><strong>de</strong></span> <span class='ocrx_word' id='word_1_32' title='bbox 749 949 897 1033; x_wconf 89' lang='lat' dir='ltr'><strong>pecunia,</strong></span> <span class='ocrx_word' id='word_1_33' title='bbox 918 949 982 1015; x_wconf 90' lang='lat' dir='ltr'><strong>sibi</strong></span> <span class='ocrx_word' id='word_1_34' title='bbox 1002 971 1061 1036; x_wconf 90' lang='lat' dir='ltr'><strong>per</strong></span> <span class='ocrx_word' id='word_1_35' title='bbox 1084 948 1302 1015; x_wconf 88' lang='lat' dir='ltr'><strong>baccalarium</strong></span> <span class='ocrx_word' id='word_1_36' title='bbox 1323 949 1377 1014; x_wconf 93' lang='lat' dir='ltr'><strong>vel</strong></span> <span class='ocrx_word' id='word_1_37' title='bbox 1399 950 1593 1036; x_wconf 90' lang='lat' dir='ltr'><strong>magistrum</strong></span> <span class='ocrx_word' id='word_1_38' title='bbox 1613 973 1665 1015; x_wconf 91' lang='lat' dir='ltr'><strong>no·</strong></span> 
     </span>
     <span class='ocr_line' id='line_1_6' title="bbox 202 1044 1566 1133; baseline 0.001 -20"><span class='ocrx_word' id='word_1_39' title='bbox 202 1059 218 1113; x_wconf 86' lang='lat'>5</span> <span class='ocrx_word' id='word_1_40' title='bbox 246 1047 365 1113; x_wconf 88' lang='lat' dir='ltr'><strong>vellum</strong></span> <span class='ocrx_word' id='word_1_41' title='bbox 386 1045 473 1128; x_wconf 87' lang='lat' dir='ltr'><strong>data,</strong></span> <span class='ocrx_word' id='word_1_42' title='bbox 495 1044 625 1111; x_wconf 87' lang='lat' dir='ltr'><strong>residua</strong></span> <span class='ocrx_word' id='word_1_43' title='bbox 647 1047 795 1133; x_wconf 89' lang='lat' dir='ltr'><strong>partein</strong></span> <span class='ocrx_word' id='word_1_44' title='bbox 813 1045 985 1114; x_wconf 85' lang='lat' dir='ltr'><strong>utilitatem</strong></span> <span class='ocrx_word' id='word_1_45' title='bbox 1006 1047 1168 1115; x_wconf 79' lang='lat' dir='ltr'><strong>facultatis</strong></span> <span class='ocrx_word' id='word_1_46' title='bbox 1190 1050 1314 1114; x_wconf 89' lang='lat' dir='ltr'><strong>arcium</strong></span> <span class='ocrx_word' id='word_1_47' title='bbox 1336 1047 1566 1115; x_wconf 86' lang='lat' dir='ltr'><strong>convertenda.</strong></span> 
     </span>
     <span class='ocr_line' id='line_1_7' title="bbox 326 1143 1667 1236; baseline 0.001 -25"><span class='ocrx_word' id='word_1_48' title='bbox 326 1147 371 1211; x_wconf 83' lang='lat' dir='ltr'><strong>Et</strong></span> <span class='ocrx_word' id='word_1_49' title='bbox 402 1147 430 1210; x_wconf 89' lang='lat' dir='ltr'><strong>si</strong></span> <span class='ocrx_word' id='word_1_50' title='bbox 455 1144 537 1212; x_wconf 89' lang='lat' dir='ltr'><strong>forte</strong></span> <span class='ocrx_word' id='word_1_51' title='bbox 564 1144 640 1210; x_wconf 88' lang='lat' dir='ltr'><strong>talis</strong></span> <span class='ocrx_word' id='word_1_52' title='bbox 666 1143 781 1211; x_wconf 89' lang='lat' dir='ltr'><strong>modus</strong></span> <span class='ocrx_word' id='word_1_53' title='bbox 807 1168 871 1212; x_wconf 91' lang='lat' dir='ltr'><strong>non</strong></span> <span class='ocrx_word' id='word_1_54' title='bbox 899 1145 1003 1234; x_wconf 92' lang='lat' dir='ltr'><strong>valet,</strong></span> <span class='ocrx_word' id='word_1_55' title='bbox 1036 1146 1123 1236; x_wconf 91' lang='lat' dir='ltr'><strong>quod</strong></span> <span class='ocrx_word' id='word_1_56' title='bbox 1147 1146 1239 1213; x_wconf 85' lang='lat' dir='ltr'><strong>fieret</strong></span> <span class='ocrx_word' id='word_1_57' title='bbox 1266 1147 1432 1215; x_wconf 78' lang='lat' dir='ltr'><strong>ordinacio</strong></span> <span class='ocrx_word' id='word_1_58' title='bbox 1461 1150 1495 1214; x_wconf 93' lang='lat' dir='ltr'><strong>in</strong></span> <span class='ocrx_word' id='word_1_59' title='bbox 1517 1148 1667 1216; x_wconf 74' lang='lat' dir='ltr'><strong>facultate</strong></span> 
     </span>
     <span class='ocr_line' id='line_1_8' title="bbox 246 1242 1666 1335; baseline -0.001 -22"><span class='ocrx_word' id='word_1_60' title='bbox 246 1248 380 1330; x_wconf 90' lang='lat' dir='ltr'><strong>arcium,</strong></span> <span class='ocrx_word' id='word_1_61' title='bbox 403 1243 490 1332; x_wconf 92' lang='lat' dir='ltr'><strong>quod</strong></span> <span class='ocrx_word' id='word_1_62' title='bbox 504 1242 646 1310; x_wconf 89' lang='lat' dir='ltr'><strong>decanus</strong></span> <span class='ocrx_word' id='word_1_63' title='bbox 659 1244 694 1309; x_wconf 92' lang='lat' dir='ltr'><strong>in</strong></span> <span class='ocrx_word' id='word_1_64' title='bbox 709 1244 851 1311; x_wconf 88' lang='lat' dir='ltr'><strong>futurum</strong></span> <span class='ocrx_word' id='word_1_65' title='bbox 871 1245 1038 1334; x_wconf 90' lang='lat' dir='ltr'><strong>eligendus</strong></span> <span class='ocrx_word' id='word_1_66' title='bbox 1058 1246 1177 1313; x_wconf 88' lang='lat' dir='ltr'><strong>habeat</strong></span> <span class='ocrx_word' id='word_1_67' title='bbox 1197 1258 1318 1314; x_wconf 87' lang='lat' dir='ltr'><strong>certam</strong></span> <span class='ocrx_word' id='word_1_68' title='bbox 1332 1250 1494 1335; x_wconf 89' lang='lat' dir='ltr'><strong>pecuniae</strong></span> <span class='ocrx_word' id='word_1_69' title='bbox 1512 1264 1666 1313; x_wconf 88' lang='lat' dir='ltr'><strong>summam</strong></span> 
     </span>
     <span class='ocr_line' id='line_1_9' title="bbox 244 1342 1667 1435; baseline 0.001 -23"><span class='ocrx_word' id='word_1_70' title='bbox 244 1370 264 1412; x_wconf 91' lang='lat' dir='ltr'><strong>a</strong></span> <span class='ocrx_word' id='word_1_71' title='bbox 293 1342 445 1411; x_wconf 83' lang='lat' dir='ltr'><strong>facultate</strong></span> <span class='ocrx_word' id='word_1_72' title='bbox 473 1344 614 1428; x_wconf 88' lang='lat' dir='ltr'><strong>arcium,</strong></span> <span class='ocrx_word' id='word_1_73' title='bbox 644 1352 677 1408; x_wconf 92' lang='lat' dir='ltr'><strong>et</strong></span> <span class='ocrx_word' id='word_1_74' title='bbox 706 1353 826 1430; x_wconf 90' lang='lat' dir='ltr'><strong>totum,</strong></span> <span class='ocrx_word' id='word_1_75' title='bbox 857 1347 943 1434; x_wconf 92' lang='lat' dir='ltr'><strong>quod</strong></span> <span class='ocrx_word' id='word_1_76' title='bbox 972 1370 993 1413; x_wconf 91' lang='lat' dir='ltr'><strong>a</strong></span> <span class='ocrx_word' id='word_1_77' title='bbox 1020 1346 1248 1434; x_wconf 86' lang='lat' dir='ltr'><strong>promovendis</strong></span> <span class='ocrx_word' id='word_1_78' title='bbox 1275 1348 1492 1435; x_wconf 79' lang='lat' dir='ltr'><strong>reciperetur,</strong></span> <span class='ocrx_word' id='word_1_79' title='bbox 1524 1347 1667 1414; x_wconf 85' lang='lat' dir='ltr'><strong>facultati</strong></span> 
     </span>
     <span class='ocr_line' id='line_1_10' title="bbox 245 1444 1400 1534; baseline 0 -23"><span class='ocrx_word' id='word_1_80' title='bbox 245 1444 475 1534; x_wconf 84' lang='lat' dir='ltr'><strong>applicaretur.</strong></span> <span class='ocrx_word' id='word_1_81' title='bbox 1160 1513 1165 1520; x_wconf 80' lang='grc'><strong><em>,</em></strong></span> <span class='ocrx_word' id='word_1_82' title='bbox 1397 1520 1400 1527; x_wconf 47' lang='grc'><em>,</em></span> 
     </span>
     <span class='ocr_line' id='line_1_11' title="bbox 206 1541 1663 1634; baseline -0.001 -23"><span class='ocrx_word' id='word_1_83' title='bbox 206 1555 238 1611; x_wconf 85' lang='lat'><strong>¹0</strong></span> <span class='ocrx_word' id='word_1_84' title='bbox 328 1544 393 1610; x_wconf 91' lang='lat' dir='ltr'><strong>Per</strong></span> <span class='ocrx_word' id='word_1_85' title='bbox 419 1543 517 1609; x_wconf 88' lang='lat' dir='ltr'><strong>talem</strong></span> <span class='ocrx_word' id='word_1_86' title='bbox 547 1543 631 1613; x_wconf 88' lang='lat' dir='ltr'><strong>enim</strong></span> <span class='ocrx_word' id='word_1_87' title='bbox 653 1549 685 1606; x_wconf 92' lang='lat' dir='ltr'><strong>et</strong></span> <span class='ocrx_word' id='word_1_88' title='bbox 707 1541 889 1609; x_wconf 80' lang='lat' dir='ltr'><strong>consimiles</strong></span> <span class='ocrx_word' id='word_1_89' title='bbox 911 1543 1025 1611; x_wconf 89' lang='lat' dir='ltr'><strong>modos</strong></span> <span class='ocrx_word' id='word_1_90' title='bbox 1046 1555 1158 1632; x_wconf 89' lang='lat' dir='ltr'><strong>posset</strong></span> <span class='ocrx_word' id='word_1_91' title='bbox 1177 1544 1350 1612; x_wconf 90' lang='lat' dir='ltr'><strong>multitudo</strong></span> <span class='ocrx_word' id='word_1_92' title='bbox 1371 1544 1663 1634; x_wconf 85' lang='lat' dir='ltr'><strong>promovendorum</strong></span> 
     </span>
     <span class='ocr_line' id='line_1_12' title="bbox 242 1639 1435 1730; baseline -0.009 -19"><span class='ocrx_word' id='word_1_93' title='bbox 242 1644 396 1730; x_wconf 84' lang='lat' dir='ltr'><strong>restringi</strong></span> <span class='ocrx_word' id='word_1_94' title='bbox 418 1652 450 1708; x_wconf 90' lang='lat' dir='ltr'><strong>et</strong></span> <span class='ocrx_word' id='word_1_95' title='bbox 469 1642 560 1707; x_wconf 89' lang='lat' dir='ltr'><strong>fraus</strong></span> <span class='ocrx_word' id='word_1_96' title='bbox 580 1651 677 1730; x_wconf 91' lang='lat' dir='ltr'><strong>atque</strong></span> <span class='ocrx_word' id='word_1_97' title='bbox 699 1639 802 1707; x_wconf 89' lang='lat' dir='ltr'><strong>dolus.</strong></span> <span class='ocrx_word' id='word_1_98' title='bbox 1431 1650 1435 1659; x_wconf 87' lang='lat'>&#39;</span> 
     </span>
     <span class='ocr_line' id='line_1_13' title="bbox 326 1732 1666 1831; baseline 0.001 -23"><span class='ocrx_word' id='word_1_99' title='bbox 326 1742 370 1808; x_wconf 85' lang='lat' dir='ltr'><strong>Et</strong></span> <span class='ocrx_word' id='word_1_100' title='bbox 391 1739 575 1807; x_wconf 88' lang='lat' dir='ltr'><strong>omnimoda</strong></span> <span class='ocrx_word' id='word_1_101' title='bbox 587 1740 726 1806; x_wconf 86' lang='lat' dir='ltr'><strong>intencio</strong></span> <span class='ocrx_word' id='word_1_102' title='bbox 741 1740 862 1807; x_wconf 90' lang='lat' dir='ltr'><strong>domini</strong></span> <span class='ocrx_word' id='word_1_103' title='bbox 876 1753 925 1807; x_wconf 92' lang='lat' dir='ltr'><strong>est</strong></span> <span class='ocrx_word' id='word_1_104' title='bbox 939 1741 1102 1809; x_wconf 88' lang='lat' dir='ltr'><strong>refrenare</strong></span> <span class='ocrx_word' id='word_1_105' title='bbox 1115 1732 1666 1831; x_wconf 84' lang='lat' dir='ltr'><strong>multitudinempromovendorum,</strong></span> 
     </span>
     <span class='ocr_line' id='line_1_14' title="bbox 244 1839 1453 1930; baseline 0.002 -20"><span class='ocrx_word' id='word_1_106' title='bbox 244 1841 421 1930; x_wconf 83' lang='lat' dir='ltr'><strong>dequibus</strong></span> <span class='ocrx_word' id='word_1_107' title='bbox 441 1839 590 1926; x_wconf 83' lang='lat' dir='ltr'><strong>magistri</strong></span> <span class='ocrx_word' id='word_1_108' title='bbox 610 1862 669 1929; x_wconf 91' lang='lat' dir='ltr'><strong>per</strong></span> <span class='ocrx_word' id='word_1_109' title='bbox 693 1861 727 1906; x_wconf 93' lang='lat' dir='ltr'><strong>se</strong></span> <span class='ocrx_word' id='word_1_110' title='bbox 747 1839 965 1927; x_wconf 87' lang='lat' dir='ltr'><strong>providebunt</strong></span> <span class='ocrx_word' id='word_1_111' title='bbox 992 1863 1054 1930; x_wconf 88' lang='lat' dir='ltr'><strong>pro</strong></span> <span class='ocrx_word' id='word_1_112' title='bbox 1075 1843 1298 1911; x_wconf 83' lang='lat' dir='ltr'><strong>universitatis</strong></span> <span class='ocrx_word' id='word_1_113' title='bbox 1319 1843 1453 1913; x_wconf 86' lang='lat' dir='ltr'><strong>honore.</strong></span> 
     </span>
    </p>
   </div>
   <div class='ocr_carea' id='block_1_4' title="bbox 210 2345 1589 2532">
    <p class='ocr_par' dir='ltr' id='par_1_4' title="bbox 210 2345 1589 2532">
     <span class='ocr_line' id='line_1_15' title="bbox 761 2345 1147 2399; baseline 0 -3"><span class='ocrx_word' id='word_1_114' title='bbox 761 2346 811 2396; x_wconf 89' lang='lat' dir='ltr'><strong>Ill.</strong></span> <span class='ocrx_word' id='word_1_115' title='bbox 839 2346 920 2396; x_wconf 86' lang='lat' dir='ltr'><strong>Vom</strong></span> <span class='ocrx_word' id='word_1_116' title='bbox 938 2345 1147 2399; x_wconf 60' lang='lat' dir='ltr'><strong>Jehre‘lttt.</strong></span> 
     </span>
     <span class='ocr_line' id='line_1_16' title="bbox 210 2424 1589 2532; baseline -0.002 -20"><span class='ocrx_word' id='word_1_117' title='bbox 210 2457 240 2512; x_wconf 81' lang='lat'><strong>¹5</strong></span> <span class='ocrx_word' id='word_1_118' title='bbox 295 2453 320 2514; x_wconf 89' lang='lat'><strong>1.</strong></span> <span class='ocrx_word' id='word_1_119' title='bbox 343 2441 505 2512; x_wconf 77' lang='lat' dir='ltr'><strong>Cedula</strong></span> <span class='ocrx_word' id='word_1_120' title='bbox 532 2452 730 2530; x_wconf 89' lang='lat' dir='ltr'><strong>porrecta</strong></span> <span class='ocrx_word' id='word_1_121' title='bbox 758 2444 961 2532; x_wconf 89' lang='lat' dir='ltr'><strong>episcopo</strong></span> <span class='ocrx_word' id='word_1_122' title='bbox 991 2424 1137 2510; x_wconf 80' lang='lat' dir='ltr'><strong>contra</strong></span> <span class='ocrx_word' id='word_1_123' title='bbox 1165 2443 1321 2512; x_wconf 89' lang='lat' dir='ltr'><strong>arcium</strong></span> <span class='ocrx_word' id='word_1_124' title='bbox 1342 2442 1589 2525; x_wconf 84' lang='lat' dir='ltr'><strong>facultatem.</strong></span> 
     </span>
    </p>
   </div>
   <div class='ocr_carea' id='block_1_5' title="bbox 581 2557 1285 2744">
    <p class='ocr_par' dir='ltr' id='par_1_5' title="bbox 581 2557 1285 2744">
     <span class='ocr_line' id='line_1_17' title="bbox 581 2557 1285 2647; baseline 0 -22"><span class='ocrx_word' id='word_1_125' title='bbox 581 2557 737 2639; x_wconf 79' lang='lat' dir='ltr'><strong>Quinta</strong></span> <span class='ocrx_word' id='word_1_126' title='bbox 757 2559 867 2626; x_wconf 90' lang='lat' dir='ltr'><strong>feria</strong></span> <span class='ocrx_word' id='word_1_127' title='bbox 885 2582 1033 2647; x_wconf 88' lang='lat' dir='ltr'><strong>pascae</strong></span> <span class='ocrx_word' id='word_1_128' title='bbox 1053 2582 1152 2626; x_wconf 87' lang='lat' dir='ltr'><strong>anno</strong></span> <span class='ocrx_word' id='word_1_129' title='bbox 1173 2561 1285 2641; x_wconf 76' lang='lat' dir='ltr'><strong>xnv0.</strong></span> 
     </span>
     <span class='ocr_line' id='line_1_18' title="bbox 690 2675 1265 2744; baseline -0.005 -13"><span class='ocrx_word' id='word_1_130' title='bbox 690 2678 767 2744; x_wconf 77' lang='lat'>(1445</span> <span class='ocrx_word' id='word_1_131' title='bbox 788 2681 956 2742; x_wconf 78' lang='lat' dir='ltr'><strong>Donncrstsg</strong></span> <span class='ocrx_word' id='word_1_132' title='bbox 973 2680 1026 2729; x_wconf 89' lang='lat' dir='ltr'><strong>den</strong></span> <span class='ocrx_word' id='word_1_133' title='bbox 1046 2678 1067 2730; x_wconf 90' lang='lat'><strong>1.</strong></span> <span class='ocrx_word' id='word_1_134' title='bbox 1083 2675 1186 2742; x_wconf 84' lang='lat' dir='ltr'><strong>April.)</strong></span> <span class='ocrx_word' id='word_1_135' title='bbox 1262 2680 1265 2687; x_wconf 86' lang='grc'><em>“</em></span> 
     </span>
    </p>
   </div>
   <div class='ocr_carea' id='block_1_6' title="bbox 207 2775 1666 4635">
    <p class='ocr_par' dir='ltr' id='par_1_6' title="bbox 207 2775 1666 4635">
     <span class='ocr_line' id='line_1_19' title="bbox 329 2775 1659 2864; baseline -0.002 -21"><span class='ocrx_word' id='word_1_136' title='bbox 329 2775 518 2843; x_wconf 85' lang='lat' dir='ltr'><strong>Reverendo</strong></span> <span class='ocrx_word' id='word_1_137' title='bbox 539 2785 642 2862; x_wconf 85' lang='lat' dir='ltr'><strong>pater.</strong></span> <span class='ocrx_word' id='word_1_138' title='bbox 662 2776 849 2864; x_wconf 83' lang='lat' dir='ltr'><strong>Exponitur</strong></span> <span class='ocrx_word' id='word_1_139' title='bbox 870 2776 1060 2863; x_wconf 88' lang='lat' dir='ltr'><strong>paternitati</strong></span> <span class='ocrx_word' id='word_1_140' title='bbox 1082 2785 1210 2842; x_wconf 88' lang='lat' dir='ltr'><strong>vestrae</strong></span> <span class='ocrx_word' id='word_1_141' title='bbox 1229 2775 1438 2859; x_wconf 88' lang='lat' dir='ltr'><strong>reverendae,</strong></span> <span class='ocrx_word' id='word_1_142' title='bbox 1460 2776 1659 2862; x_wconf 88' lang='lat' dir='ltr'><strong>quomodoet</strong></span> 
     </span>
     <span class='ocr_line' id='line_1_20' title="bbox 249 2874 1659 2967; baseline -0.001 -24"><span class='ocrx_word' id='word_1_143' title='bbox 249 2878 385 2967; x_wconf 88' lang='lat' dir='ltr'><strong>qualiter</strong></span> <span class='ocrx_word' id='word_1_144' title='bbox 410 2878 445 2940; x_wconf 94' lang='lat' dir='ltr'><strong>in</strong></span> <span class='ocrx_word' id='word_1_145' title='bbox 465 2875 617 2941; x_wconf 87' lang='lat' dir='ltr'><strong>facultate</strong></span> <span class='ocrx_word' id='word_1_146' title='bbox 646 2878 770 2943; x_wconf 90' lang='lat' dir='ltr'><strong>arcium</strong></span> <span class='ocrx_word' id='word_1_147' title='bbox 795 2874 976 2941; x_wconf 86' lang='lat' dir='ltr'><strong>liberalium</strong></span> <span class='ocrx_word' id='word_1_148' title='bbox 995 2875 1101 2940; x_wconf 88' lang='lat' dir='ltr'><strong>fuerat</strong></span> <span class='ocrx_word' id='word_1_149' title='bbox 1128 2874 1350 2964; x_wconf 81' lang='lat' dir='ltr'><strong>consuetudo,</strong></span> <span class='ocrx_word' id='word_1_150' title='bbox 1380 2877 1572 2942; x_wconf 87' lang='lat' dir='ltr'><strong>inconcusse</strong></span> <span class='ocrx_word' id='word_1_151' title='bbox 1597 2876 1659 2941; x_wconf 84' lang='lat' dir='ltr'><strong>hac</strong></span> 
     </span>
     <span class='ocr_line' id='line_1_21' title="bbox 207 2973 1660 3064; baseline -0.005 -20"><span class='ocrx_word' id='word_1_152' title='bbox 207 2988 341 3044; x_wconf 74' lang='lat' dir='ltr'><strong>tutenus</strong></span> <span class='ocrx_word' id='word_1_153' title='bbox 372 2974 562 3057; x_wconf 84' lang='lat' dir='ltr'><strong>observata,</strong></span> <span class='ocrx_word' id='word_1_154' title='bbox 600 2997 677 3064; x_wconf 89' lang='lat' dir='ltr'><strong>qua</strong></span> <span class='ocrx_word' id='word_1_155' title='bbox 719 2975 942 3062; x_wconf 84' lang='lat' dir='ltr'><strong>propinem</strong></span> <span class='ocrx_word' id='word_1_156' title='bbox 972 2974 1175 3062; x_wconf 90' lang='lat' dir='ltr'><strong>quandam</strong></span> <span class='ocrx_word' id='word_1_157' title='bbox 1215 2996 1236 3039; x_wconf 91' lang='lat' dir='ltr'><strong>a</strong></span> <span class='ocrx_word' id='word_1_158' title='bbox 1266 2975 1359 3059; x_wconf 87' lang='lat' dir='ltr'><strong>suis</strong></span> <span class='ocrx_word' id='word_1_159' title='bbox 1384 2973 1660 3061; x_wconf 87' lang='lat' dir='ltr'><strong>promovendis</strong></span> 
     </span>
     <span class='ocr_line' id='line_1_22' title="bbox 247 3072 1660 3169; baseline -0.004 -27"><span class='ocrx_word' id='word_1_160' title='bbox 247 3084 497 3169; x_wconf 87' lang='lat' dir='ltr'><strong>receperant</strong></span> <span class='ocrx_word' id='word_1_161' title='bbox 517 3083 805 3161; x_wconf 85' lang='lat' dir='ltr'><strong>promoventes</strong></span> <span class='ocrx_word' id='word_1_162' title='bbox 824 3084 1023 3160; x_wconf 90' lang='lat' dir='ltr'><strong>tempore,</strong></span> <span class='ocrx_word' id='word_1_163' title='bbox 1052 3095 1126 3159; x_wconf 92' lang='lat' dir='ltr'><strong>quo</strong></span> <span class='ocrx_word' id='word_1_164' title='bbox 1148 3072 1320 3160; x_wconf 89' lang='lat' dir='ltr'><strong>gradum</strong></span> <span class='ocrx_word' id='word_1_165' title='bbox 1340 3075 1381 3139; x_wconf 93' lang='lat' dir='ltr'><strong>in</strong></span> <span class='ocrx_word' id='word_1_166' title='bbox 1402 3073 1566 3140; x_wconf 89' lang='lat' dir='ltr'><strong>artibus</strong></span> <span class='ocrx_word' id='word_1_167' title='bbox 1588 3097 1660 3139; x_wconf 90' lang='lat' dir='ltr'><strong>sns-</strong></span> 
     </span>
     <span class='ocr_line' id='line_1_23' title="bbox 248 3172 1662 3262; baseline -0.004 -21"><span class='ocrx_word' id='word_1_168' title='bbox 248 3177 390 3262; x_wconf 89' lang='lat' dir='ltr'><strong>cipsre</strong></span> <span class='ocrx_word' id='word_1_169' title='bbox 427 3183 759 3239; x_wconf 78' lang='lat' dir='ltr'><strong>consueverunt</strong></span> <span class='ocrx_word' id='word_1_170' title='bbox 804 3172 901 3249; x_wconf 89' lang='lat' dir='ltr'><strong>Hanc</strong></span> <span class='ocrx_word' id='word_1_171' title='bbox 936 3174 1123 3260; x_wconf 84' lang='lat' dir='ltr'><strong>propinem,</strong></span> <span class='ocrx_word' id='word_1_172' title='bbox 1162 3194 1204 3238; x_wconf 87' lang='lat' dir='ltr'><strong>ex</strong></span> <span class='ocrx_word' id='word_1_173' title='bbox 1240 3175 1404 3239; x_wconf 87' lang='lat' dir='ltr'><strong>communi</strong></span> <span class='ocrx_word' id='word_1_174' title='bbox 1434 3172 1662 3239; x_wconf 76' lang='lat' dir='ltr'><strong>consuetudine</strong></span> 
     </span>
     <span class='ocr_line' id='line_1_24' title="bbox 249 3269 1663 3360; baseline -0.004 -20"><span class='ocrx_word' id='word_1_175' title='bbox 249 3274 390 3340; x_wconf 89' lang='lat' dir='ltr'><strong>debitam</strong></span> <span class='ocrx_word' id='word_1_176' title='bbox 413 3273 544 3339; x_wconf 90' lang='lat' dir='ltr'><strong>cuilibet</strong></span> <span class='ocrx_word' id='word_1_177' title='bbox 562 3274 753 3359; x_wconf 77' lang='lat' dir='ltr'><strong>promoturi,</strong></span> <span class='ocrx_word' id='word_1_178' title='bbox 783 3269 915 3360; x_wconf 89' lang='lat' dir='ltr'><strong>quidam</strong></span> <span class='ocrx_word' id='word_1_179' title='bbox 936 3273 1086 3358; x_wconf 87' lang='lat' dir='ltr'><strong>magistri</strong></span> <span class='ocrx_word' id='word_1_180' title='bbox 1107 3271 1148 3337; x_wconf 90' lang='lat' dir='ltr'><strong>de</strong></span> <span class='ocrx_word' id='word_1_181' title='bbox 1171 3270 1307 3338; x_wconf 89' lang='lat' dir='ltr'><strong>concilio</strong></span> <span class='ocrx_word' id='word_1_182' title='bbox 1328 3273 1506 3339; x_wconf 84' lang='lat' dir='ltr'><strong>existentes</strong></span> <span class='ocrx_word' id='word_1_183' title='bbox 1530 3272 1663 3339; x_wconf 90' lang='lat' dir='ltr'><strong>eiusdem</strong></span> 
     </span>
     <span class='ocr_line' id='line_1_25' title="bbox 249 3370 1664 3458; baseline -0.003 -19"><span class='ocrx_word' id='word_1_184' title='bbox 249 3372 413 3439; x_wconf 87' lang='lat' dir='ltr'><strong>facultatis</strong></span> <span class='ocrx_word' id='word_1_185' title='bbox 435 3371 498 3437; x_wconf 92' lang='lat' dir='ltr'><strong>sibi</strong></span> <span class='ocrx_word' id='word_1_186' title='bbox 519 3374 631 3458; x_wconf 89' lang='lat' dir='ltr'><strong>vigore</strong></span> <span class='ocrx_word' id='word_1_187' title='bbox 655 3370 823 3437; x_wconf 88' lang='lat' dir='ltr'><strong>cuiusdam</strong></span> <span class='ocrx_word' id='word_1_188' title='bbox 844 3374 955 3437; x_wconf 90' lang='lat' dir='ltr'><strong>statuti</strong></span> <span class='ocrx_word' id='word_1_189' title='bbox 976 3373 1103 3438; x_wconf 89' lang='lat' dir='ltr'><strong>noviter</strong></span> <span class='ocrx_word' id='word_1_190' title='bbox 1124 3370 1216 3453; x_wconf 90' lang='lat' dir='ltr'><strong>editi,</strong></span> <span class='ocrx_word' id='word_1_191' title='bbox 1238 3379 1273 3436; x_wconf 90' lang='lat' dir='ltr'><strong>ut</strong></span> <span class='ocrx_word' id='word_1_192' title='bbox 1293 3373 1452 3456; x_wconf 88' lang='lat' dir='ltr'><strong>referunt,</strong></span> <span class='ocrx_word' id='word_1_193' title='bbox 1475 3382 1664 3439; x_wconf 89' lang='lat' dir='ltr'><strong>conantur</strong></span> 
     </span>
     <span class='ocr_line' id='line_1_26' title="bbox 208 3469 1664 3559; baseline -0.002 -21"><span class='ocrx_word' id='word_1_194' title='bbox 208 3483 452 3559; x_wconf 73' lang='lat' dir='ltr'><strong>ttusurpare</strong></span> <span class='ocrx_word' id='word_1_195' title='bbox 476 3473 511 3536; x_wconf 91' lang='lat' dir='ltr'><strong>in</strong></span> <span class='ocrx_word' id='word_1_196' title='bbox 544 3469 682 3537; x_wconf 88' lang='lat' dir='ltr'><strong>aliorum</strong></span> <span class='ocrx_word' id='word_1_197' title='bbox 709 3471 944 3557; x_wconf 90' lang='lat' dir='ltr'><strong>praeiudicium</strong></span> <span class='ocrx_word' id='word_1_198' title='bbox 971 3481 1003 3536; x_wconf 90' lang='lat' dir='ltr'><strong>et</strong></span> <span class='ocrx_word' id='word_1_199' title='bbox 1035 3481 1213 3557; x_wconf 86' lang='lat' dir='ltr'><strong>gravamen</strong></span> <span class='ocrx_word' id='word_1_200' title='bbox 1239 3494 1365 3537; x_wconf 90' lang='lat' dir='ltr'><strong>necnon</strong></span> <span class='ocrx_word' id='word_1_201' title='bbox 1392 3473 1427 3537; x_wconf 93' lang='lat' dir='ltr'><strong>in</strong></span> <span class='ocrx_word' id='word_1_202' title='bbox 1447 3494 1548 3559; x_wconf 87' lang='lat' dir='ltr'><strong>saepe</strong></span> <span class='ocrx_word' id='word_1_203' title='bbox 1569 3471 1664 3537; x_wconf 88' lang='lat' dir='ltr'><strong>dictae</strong></span> 
     </span>
     <span class='ocr_line' id='line_1_27' title="bbox 250 3568 1664 3657; baseline -0.001 -20"><span class='ocrx_word' id='word_1_204' title='bbox 250 3573 497 3637; x_wconf 90' lang='lat' dir='ltr'><strong>diminucionem</strong></span> <span class='ocrx_word' id='word_1_205' title='bbox 523 3569 695 3635; x_wconf 84' lang='lat' dir='ltr'><strong>facultatis.</strong></span> <span class='ocrx_word' id='word_1_206' title='bbox 737 3569 781 3634; x_wconf 84' lang='lat' dir='ltr'><strong>Et</strong></span> <span class='ocrx_word' id='word_1_207' title='bbox 806 3592 999 3657; x_wconf 91' lang='lat' dir='ltr'><strong>quamquam</strong></span> <span class='ocrx_word' id='word_1_208' title='bbox 1029 3568 1246 3656; x_wconf 90' lang='lat' dir='ltr'><strong>supplicatum</strong></span> <span class='ocrx_word' id='word_1_209' title='bbox 1275 3571 1318 3637; x_wconf 91' lang='lat' dir='ltr'><strong>sit</strong></span> <span class='ocrx_word' id='word_1_210' title='bbox 1337 3570 1479 3653; x_wconf 89' lang='lat' dir='ltr'><strong>eisdem,</strong></span> <span class='ocrx_word' id='word_1_211' title='bbox 1509 3583 1546 3636; x_wconf 90' lang='lat' dir='ltr'><strong>ut</strong></span> <span class='ocrx_word' id='word_1_212' title='bbox 1567 3570 1664 3636; x_wconf 88' lang='lat' dir='ltr'><strong>huius·</strong></span> 
     </span>
     <span class='ocr_line' id='line_1_28' title="bbox 249 3669 1661 3757; baseline -0.002 -19"><span class='ocrx_word' id='word_1_213' title='bbox 249 3672 336 3738; x_wconf 89' lang='lat' dir='ltr'><strong>modi</strong></span> <span class='ocrx_word' id='word_1_214' title='bbox 358 3669 593 3757; x_wconf 91' lang='lat' dir='ltr'><strong>praeiudicium</strong></span> <span class='ocrx_word' id='word_1_215' title='bbox 613 3670 778 3755; x_wconf 87' lang='lat' dir='ltr'><strong>magistris</strong></span> <span class='ocrx_word' id='word_1_216' title='bbox 799 3691 864 3734; x_wconf 91' lang='lat' dir='ltr'><strong>non</strong></span> <span class='ocrx_word' id='word_1_217' title='bbox 883 3669 1039 3752; x_wconf 89' lang='lat' dir='ltr'><strong>inferant,</strong></span> <span class='ocrx_word' id='word_1_218' title='bbox 1072 3670 1127 3755; x_wconf 91' lang='lat' dir='ltr'><strong>qui</strong></span> <span class='ocrx_word' id='word_1_219' title='bbox 1154 3671 1218 3735; x_wconf 91' lang='lat' dir='ltr'><strong>sint</strong></span> <span class='ocrx_word' id='word_1_220' title='bbox 1239 3679 1333 3734; x_wconf 87' lang='lat' dir='ltr'><strong>extra</strong></span> <span class='ocrx_word' id='word_1_221' title='bbox 1353 3669 1477 3736; x_wconf 90' lang='lat' dir='ltr'><strong>dictum</strong></span> <span class='ocrx_word' id='word_1_222' title='bbox 1497 3671 1661 3736; x_wconf 88' lang='lat' dir='ltr'><strong>concilium</strong></span> 
     </span>
     <span class='ocr_line' id='line_1_29' title="bbox 249 3767 1663 3857; baseline -0.004 -19"><span class='ocrx_word' id='word_1_223' title='bbox 249 3770 421 3853; x_wconf 87' lang='lat' dir='ltr'><strong>facultatis,</strong></span> <span class='ocrx_word' id='word_1_224' title='bbox 443 3768 501 3835; x_wconf 91' lang='lat' dir='ltr'><strong>sed</strong></span> <span class='ocrx_word' id='word_1_225' title='bbox 522 3769 635 3856; x_wconf 90' lang='lat' dir='ltr'><strong>pocius</strong></span> <span class='ocrx_word' id='word_1_226' title='bbox 657 3767 788 3834; x_wconf 90' lang='lat' dir='ltr'><strong>eosdem</strong></span> <span class='ocrx_word' id='word_1_227' title='bbox 809 3769 844 3832; x_wconf 89' lang='lat' dir='ltr'><strong>in</strong></span> <span class='ocrx_word' id='word_1_228' title='bbox 867 3767 1162 3835; x_wconf 76' lang='lat' dir='ltr'><strong>consuetudinibus</strong></span> <span class='ocrx_word' id='word_1_229' title='bbox 1183 3777 1216 3834; x_wconf 91' lang='lat' dir='ltr'><strong>et</strong></span> <span class='ocrx_word' id='word_1_230' title='bbox 1231 3768 1377 3851; x_wconf 89' lang='lat' dir='ltr'><strong>iuribus,</strong></span> <span class='ocrx_word' id='word_1_231' title='bbox 1399 3768 1518 3857; x_wconf 88' lang='lat' dir='ltr'><strong>quibus</strong></span> <span class='ocrx_word' id='word_1_232' title='bbox 1539 3771 1605 3856; x_wconf 91' lang='lat' dir='ltr'><strong>ipsi</strong></span> <span class='ocrx_word' id='word_1_233' title='bbox 1622 3769 1663 3834; x_wconf 88' lang='lat' dir='ltr'><strong>usi</strong></span> 
     </span>
     <span class='ocr_line' id='line_1_30' title="bbox 251 3867 1666 3950; baseline -0.004 -14"><span class='ocrx_word' id='word_1_234' title='bbox 251 3881 326 3936; x_wconf 91' lang='lat' dir='ltr'><strong>sunt</strong></span> <span class='ocrx_word' id='word_1_235' title='bbox 363 3878 395 3935; x_wconf 92' lang='lat' dir='ltr'><strong>et</strong></span> <span class='ocrx_word' id='word_1_236' title='bbox 427 3890 543 3935; x_wconf 50' lang='lat' dir='ltr'><strong>eorum¹</strong></span> <span class='ocrx_word' id='word_1_237' title='bbox 576 3867 777 3934; x_wconf 88' lang='lat' dir='ltr'><strong>venerabiles</strong></span> <span class='ocrx_word' id='word_1_238' title='bbox 818 3877 1054 3950; x_wconf 84' lang='lat' dir='ltr'><strong>antecessores,</strong></span> <span class='ocrx_word' id='word_1_239' title='bbox 1093 3877 1323 3934; x_wconf 89' lang='lat' dir='ltr'><strong>conservarent</strong></span> <span class='ocrx_word' id='word_1_240' title='bbox 1351 3889 1412 3933; x_wconf 88' lang='lat' dir='ltr'><strong>nec</strong></span> <span class='ocrx_word' id='word_1_241' title='bbox 1444 3890 1501 3935; x_wconf 88' lang='lat' dir='ltr'><strong>cos</strong></span> <span class='ocrx_word' id='word_1_242' title='bbox 1533 3869 1666 3933; x_wconf 87' lang='lat' dir='ltr'><strong>facerent</strong></span> 
     </span>
     <span class='ocr_line' id='line_1_31' title="bbox 209 3965 1665 4054; baseline -0.005 -17"><span class='ocrx_word' id='word_1_243' title='bbox 209 3969 420 4037; x_wconf 82' lang='lat' dir='ltr'><strong>30detcrioris</strong></span> <span class='ocrx_word' id='word_1_244' title='bbox 450 3966 663 4050; x_wconf 89' lang='lat' dir='ltr'><strong>condicionis,</strong></span> <span class='ocrx_word' id='word_1_245' title='bbox 694 3968 728 4031; x_wconf 91' lang='lat' dir='ltr'><strong>in</strong></span> <span class='ocrx_word' id='word_1_246' title='bbox 762 3966 850 4032; x_wconf 92' lang='lat' dir='ltr'><strong>nullo</strong></span> <span class='ocrx_word' id='word_1_247' title='bbox 881 3975 987 4032; x_wconf 89' lang='lat' dir='ltr'><strong>tamen</strong></span> <span class='ocrx_word' id='word_1_248' title='bbox 1016 3968 1163 4054; x_wconf 89' lang='lat' dir='ltr'><strong>protinus</strong></span> <span class='ocrx_word' id='word_1_249' title='bbox 1202 3967 1284 4032; x_wconf 90' lang='lat' dir='ltr'><strong>haec</strong></span> <span class='ocrx_word' id='word_1_250' title='bbox 1314 3965 1450 4033; x_wconf 88' lang='lat' dir='ltr'><strong>honesta</strong></span> <span class='ocrx_word' id='word_1_251' title='bbox 1481 3967 1665 4054; x_wconf 86' lang='lat' dir='ltr'><strong>supplicatio</strong></span> 
     </span>
     <span class='ocr_line' id='line_1_32' title="bbox 250 4064 1664 4154; baseline -0.003 -20"><span class='ocrx_word' id='word_1_252' title='bbox 250 4070 356 4135; x_wconf 89' lang='lat' dir='ltr'><strong>fuerat</strong></span> <span class='ocrx_word' id='word_1_253' title='bbox 387 4067 549 4133; x_wconf 85' lang='lat' dir='ltr'><strong>exaudita</strong></span> <span class='ocrx_word' id='word_1_254' title='bbox 589 4065 700 4146; x_wconf 79' lang='lat' dir='ltr'><strong>Quare</strong></span> <span class='ocrx_word' id='word_1_255' title='bbox 731 4089 804 4133; x_wconf 92' lang='lat' dir='ltr'><strong>cum</strong></span> <span class='ocrx_word' id='word_1_256' title='bbox 838 4067 926 4131; x_wconf 92' lang='lat' dir='ltr'><strong>omni</strong></span> <span class='ocrx_word' id='word_1_257' title='bbox 957 4064 1134 4133; x_wconf 88' lang='lat' dir='ltr'><strong>devocione</strong></span> <span class='ocrx_word' id='word_1_258' title='bbox 1154 4077 1187 4131; x_wconf 89' lang='lat' dir='ltr'><strong>et</strong></span> <span class='ocrx_word' id='word_1_259' title='bbox 1213 4064 1394 4132; x_wconf 90' lang='lat' dir='ltr'><strong>humilitate</strong></span> <span class='ocrx_word' id='word_1_260' title='bbox 1416 4075 1549 4132; x_wconf 88' lang='lat' dir='ltr'><strong>vestras</strong></span> <span class='ocrx_word' id='word_1_261' title='bbox 1569 4077 1664 4154; x_wconf 83' lang='lat' dir='ltr'><strong>pater·</strong></span> 
     </span>
     <span class='ocr_line' id='line_1_33' title="bbox 251 4164 1664 4255; baseline -0.002 -21"><span class='ocrx_word' id='word_1_262' title='bbox 251 4169 345 4234; x_wconf 89' lang='lat' dir='ltr'><strong>nitati</strong></span> <span class='ocrx_word' id='word_1_263' title='bbox 365 4165 575 4255; x_wconf 88' lang='lat' dir='ltr'><strong>supplicatur,</strong></span> <span class='ocrx_word' id='word_1_264' title='bbox 597 4173 753 4250; x_wconf 88' lang='lat' dir='ltr'><strong>quatenus</strong></span> <span class='ocrx_word' id='word_1_265' title='bbox 776 4164 871 4231; x_wconf 91' lang='lat' dir='ltr'><strong>solita</strong></span> <span class='ocrx_word' id='word_1_266' title='bbox 891 4164 1092 4251; x_wconf 85' lang='lat' dir='ltr'><strong>benignitate</strong></span> <span class='ocrx_word' id='word_1_267' title='bbox 1114 4175 1146 4231; x_wconf 90' lang='lat' dir='ltr'><strong>st</strong></span> <span class='ocrx_word' id='word_1_268' title='bbox 1168 4166 1290 4247; x_wconf 88' lang='lat' dir='ltr'><strong>favore,</strong></span> <span class='ocrx_word' id='word_1_269' title='bbox 1312 4164 1429 4253; x_wconf 88' lang='lat' dir='ltr'><strong>quibus</strong></span> <span class='ocrx_word' id='word_1_270' title='bbox 1448 4165 1536 4233; x_wconf 89' lang='lat' dir='ltr'><strong>hanc</strong></span> <span class='ocrx_word' id='word_1_271' title='bbox 1558 4165 1664 4231; x_wconf 87' lang='lat' dir='ltr'><strong>almam</strong></span> 
     </span>
     <span class='ocr_line' id='line_1_34' title="bbox 252 4263 1665 4355; baseline -0.004 -22"><span class='ocrx_word' id='word_1_272' title='bbox 252 4267 496 4333; x_wconf 91' lang='lat' dir='ltr'><strong>universitatem</strong></span> <span class='ocrx_word' id='word_1_273' title='bbox 527 4265 561 4329; x_wconf 93' lang='lat' dir='ltr'><strong>in</strong></span> <span class='ocrx_word' id='word_1_274' title='bbox 595 4266 661 4329; x_wconf 89' lang='lat' dir='ltr'><strong>suis</strong></span> <span class='ocrx_word' id='word_1_275' title='bbox 698 4263 833 4352; x_wconf 88' lang='lat' dir='ltr'><strong>agendis</strong></span> <span class='ocrx_word' id='word_1_276' title='bbox 865 4286 925 4351; x_wconf 94' lang='lat' dir='ltr'><strong>pro</strong></span> <span class='ocrx_word' id='word_1_277' title='bbox 958 4287 1015 4330; x_wconf 91' lang='lat' dir='ltr'><strong>suo</strong></span> <span class='ocrx_word' id='word_1_278' title='bbox 1052 4263 1226 4355; x_wconf 87' lang='lat' dir='ltr'><strong>tranquillo</strong></span> <span class='ocrx_word' id='word_1_279' title='bbox 1261 4273 1348 4329; x_wconf 91' lang='lat' dir='ltr'><strong>statu</strong></span> <span class='ocrx_word' id='word_1_280' title='bbox 1390 4267 1524 4352; x_wconf 90' lang='lat' dir='ltr'><strong>saepius</strong></span> <span class='ocrx_word' id='word_1_281' title='bbox 1553 4263 1665 4352; x_wconf 79' lang='lat' dir='ltr'><strong>dignau&#39;</strong></span> 
     </span>
     <span class='ocr_line' id='line_1_35' title="bbox 253 4355 1665 4454; baseline -0.005 -20"><span class='ocrx_word' id='word_1_282' title='bbox 253 4369 330 4434; x_wconf 90' lang='lat' dir='ltr'><strong>estis</strong></span> <span class='ocrx_word' id='word_1_283' title='bbox 358 4363 566 4454; x_wconf 89' lang='lat' dir='ltr'><strong>patemalitsr</strong></span> <span class='ocrx_word' id='word_1_284' title='bbox 585 4366 794 4452; x_wconf 89' lang='lat' dir='ltr'><strong>praevenire,</strong></span> <span class='ocrx_word' id='word_1_285' title='bbox 827 4363 1004 4450; x_wconf 89' lang='lat' dir='ltr'><strong>dignemini</strong></span> <span class='ocrx_word' id='word_1_286' title='bbox 1032 4364 1128 4430; x_wconf 92' lang='lat' dir='ltr'><strong>modo</strong></span> <span class='ocrx_word' id='word_1_287' title='bbox 1150 4355 1337 4429; x_wconf 84' lang='lat' dir='ltr'><strong>succurrere</strong></span> <span class='ocrx_word' id='word_1_288' title='bbox 1356 4363 1501 4430; x_wconf 92' lang='lat' dir='ltr'><strong>remedio</strong></span> <span class='ocrx_word' id='word_1_289' title='bbox 1521 4375 1665 4454; x_wconf 87' lang='lat' dir='ltr'><strong>oportuno</strong></span> 
     </span>
     <span class='ocr_line' id='line_1_36' title="bbox 211 4460 1662 4554; baseline -0.003 -21"><span class='ocrx_word' id='word_1_290' title='bbox 211 4476 285 4533; x_wconf 82' lang='lat' dir='ltr'><strong>³5et</strong></span> <span class='ocrx_word' id='word_1_291' title='bbox 309 4475 446 4554; x_wconf 89' lang='lat' dir='ltr'><strong>paterna</strong></span> <span class='ocrx_word' id='word_1_292' title='bbox 473 4462 687 4531; x_wconf 88' lang='lat' dir='ltr'><strong>sollicitudine</strong></span> <span class='ocrx_word' id='word_1_293' title='bbox 709 4460 897 4550; x_wconf 90' lang='lat' dir='ltr'><strong>providere,</strong></span> <span class='ocrx_word' id='word_1_294' title='bbox 928 4483 971 4528; x_wconf 89' lang='lat' dir='ltr'><strong>ne</strong></span> <span class='ocrx_word' id='word_1_295' title='bbox 998 4462 1077 4529; x_wconf 92' lang='lat' dir='ltr'><strong>dicti</strong></span> <span class='ocrx_word' id='word_1_296' title='bbox 1097 4463 1246 4549; x_wconf 86' lang='lat' dir='ltr'><strong>magistri</strong></span> <span class='ocrx_word' id='word_1_297' title='bbox 1266 4473 1361 4529; x_wconf 86' lang='lat' dir='ltr'><strong>extra</strong></span> <span class='ocrx_word' id='word_1_298' title='bbox 1381 4463 1557 4530; x_wconf 89' lang='lat' dir='ltr'><strong>concilium</strong></span> <span class='ocrx_word' id='word_1_299' title='bbox 1575 4460 1662 4530; x_wconf 81' lang='lat' dir='ltr'><strong>facul·</strong></span> 
     </span>
     <span class='ocr_line' id='line_1_37' title="bbox 250 4561 1663 4635; baseline -0.001 -2"><span class='ocrx_word' id='word_1_300' title='bbox 250 4569 326 4635; x_wconf 89' lang='lat' dir='ltr'><strong>tatis</strong></span> <span class='ocrx_word' id='word_1_301' title='bbox 354 4566 421 4632; x_wconf 91' lang='lat' dir='ltr'><strong>suis</strong></span> <span class='ocrx_word' id='word_1_302' title='bbox 451 4562 577 4631; x_wconf 90' lang='lat' dir='ltr'><strong>iuribus</strong></span> <span class='ocrx_word' id='word_1_303' title='bbox 603 4572 635 4628; x_wconf 92' lang='lat' dir='ltr'><strong>et</strong></span> <span class='ocrx_word' id='word_1_304' title='bbox 664 4561 956 4628; x_wconf 79' lang='lat' dir='ltr'><strong>consuetudinibus</strong></span> <span class='ocrx_word' id='word_1_305' title='bbox 985 4584 1025 4628; x_wconf 92' lang='lat' dir='ltr'><strong>ac</strong></span> <span class='ocrx_word' id='word_1_306' title='bbox 1050 4563 1145 4628; x_wconf 89' lang='lat' dir='ltr'><strong>unico</strong></span> <span class='ocrx_word' id='word_1_307' title='bbox 1175 4561 1377 4630; x_wconf 89' lang='lat' dir='ltr'><strong>emolimento</strong></span> <span class='ocrx_word' id='word_1_308' title='bbox 1400 4586 1460 4631; x_wconf 93' lang='lat' dir='ltr'><strong>suo</strong></span> <span class='ocrx_word' id='word_1_309' title='bbox 1483 4566 1555 4633; x_wconf 88' lang='lat' dir='ltr'><strong>sine</strong></span> <span class='ocrx_word' id='word_1_310' title='bbox 1576 4582 1663 4631; x_wconf 67' lang='lat' dir='ltr'><strong>cam</strong></span> 
     </span>
    </p>
   </div>
   <div class='ocr_carea' id='block_1_7' title="bbox 251 4659 1426 4754">
    <p class='ocr_par' dir='ltr' id='par_1_7' title="bbox 251 4659 1426 4754">
     <span class='ocr_line' id='line_1_38' title="bbox 251 4659 1426 4754; baseline -0.004 -21"><span class='ocrx_word' id='word_1_311' title='bbox 251 4667 396 4754; x_wconf 87' lang='lat' dir='ltr'><strong>legitima</strong></span> <span class='ocrx_word' id='word_1_312' title='bbox 416 4676 484 4732; x_wconf 91' lang='lat' dir='ltr'><strong>tam</strong></span> <span class='ocrx_word' id='word_1_313' title='bbox 504 4665 603 4752; x_wconf 92' lang='lat' dir='ltr'><strong>impie</strong></span> <span class='ocrx_word' id='word_1_314' title='bbox 623 4671 656 4728; x_wconf 91' lang='lat' dir='ltr'><strong>et</strong></span> <span class='ocrx_word' id='word_1_315' title='bbox 676 4670 790 4728; x_wconf 89' lang='lat' dir='ltr'><strong>contra</strong></span> <span class='ocrx_word' id='word_1_316' title='bbox 807 4659 986 4727; x_wconf 89' lang='lat' dir='ltr'><strong>naturalem</strong></span> <span class='ocrx_word' id='word_1_317' title='bbox 1003 4662 1201 4749; x_wconf 85' lang='lat' dir='ltr'><strong>aequitatem</strong></span> <span class='ocrx_word' id='word_1_318' title='bbox 1224 4660 1426 4750; x_wconf 49' lang='lat' dir='ltr'><strong>spolienturs</strong></span> 
     </span>
    </p>
   </div>
   <div class='ocr_carea' id='block_1_8' title="bbox 381 4810 1553 4911">
    <p class='ocr_par' dir='ltr' id='par_1_8' title="bbox 381 4810 1553 4911">
     <span class='ocr_line' id='line_1_39' title="bbox 381 4810 1553 4911; baseline -0.004 -27"><span class='ocrx_word' id='word_1_319' title='bbox 381 4821 412 4884; x_wconf 77' lang='lat'><strong>2.</strong></span> <span class='ocrx_word' id='word_1_320' title='bbox 441 4814 644 4882; x_wconf 90' lang='lat' dir='ltr'><strong>Iohannes</strong></span> <span class='ocrx_word' id='word_1_321' title='bbox 668 4811 732 4879; x_wconf 93' lang='lat' dir='ltr'><strong>dei</strong></span> <span class='ocrx_word' id='word_1_322' title='bbox 752 4813 899 4899; x_wconf 89' lang='lat' dir='ltr'><strong>gracia</strong></span> <span class='ocrx_word' id='word_1_323' title='bbox 924 4813 1148 4901; x_wconf 91' lang='lat' dir='ltr'><strong>episcopus</strong></span> <span class='ocrx_word' id='word_1_324' title='bbox 1167 4810 1553 4911; x_wconf 84' lang='lat' dir='ltr'><strong>Meracburgsnsis:</strong></span> 
     </span>
    </p>
   </div>
   <div class='ocr_carea' id='block_1_9' title="bbox 213 4923 1660 5216">
    <p class='ocr_par' dir='ltr' id='par_1_9' title="bbox 213 4923 1660 5216">
     <span class='ocr_line' id='line_1_40' title="bbox 338 4923 1660 5015; baseline -0.006 -15"><span class='ocrx_word' id='word_1_325' title='bbox 338 4933 542 5001; x_wconf 85' lang='lat' dir='ltr'><strong>Salutatione</strong></span> <span class='ocrx_word' id='word_1_326' title='bbox 569 4929 734 4996; x_wconf 88' lang='lat' dir='ltr'><strong>amicabili</strong></span> <span class='ocrx_word' id='word_1_327' title='bbox 759 4929 956 5015; x_wconf 88' lang='lat' dir='ltr'><strong>praemissa,</strong></span> <span class='ocrx_word' id='word_1_328' title='bbox 990 4927 1194 4994; x_wconf 86' lang='lat' dir='ltr'><strong>venerabiles</strong></span> <span class='ocrx_word' id='word_1_329' title='bbox 1220 4929 1333 5014; x_wconf 89' lang='lat' dir='ltr'><strong>amici,</strong></span> <span class='ocrx_word' id='word_1_330' title='bbox 1367 4929 1539 4996; x_wconf 87' lang='lat' dir='ltr'><strong>sinceriter</strong></span> <span class='ocrx_word' id='word_1_331' title='bbox 1559 4923 1660 4994; x_wconf 84' lang='lat' dir='ltr'><strong>dilecti</strong></span> 
     </span>
     <span class='ocr_line' id='line_1_41' title="bbox 213 5027 1660 5117; baseline -0.008 -17"><span class='ocrx_word' id='word_1_332' title='bbox 213 5032 319 5101; x_wconf 78' lang='lat' dir='ltr'><strong>toPro</strong></span> <span class='ocrx_word' id='word_1_333' title='bbox 341 5035 537 5099; x_wconf 89' lang='lat' dir='ltr'><strong>incremento</strong></span> <span class='ocrx_word' id='word_1_334' title='bbox 560 5040 591 5096; x_wconf 93' lang='lat' dir='ltr'><strong>et</strong></span> <span class='ocrx_word' id='word_1_335' title='bbox 617 5029 704 5095; x_wconf 89' lang='lat' dir='ltr'><strong>felici</strong></span> <span class='ocrx_word' id='word_1_336' title='bbox 730 5038 817 5095; x_wconf 89' lang='lat' dir='ltr'><strong>statu</strong></span> <span class='ocrx_word' id='word_1_337' title='bbox 842 5027 946 5094; x_wconf 88' lang='lat' dir='ltr'><strong>almae</strong></span> <span class='ocrx_word' id='word_1_338' title='bbox 976 5029 1195 5096; x_wconf 88' lang='lat' dir='ltr'><strong>universitatis</strong></span> <span class='ocrx_word' id='word_1_339' title='bbox 1225 5029 1323 5095; x_wconf 91' lang='lat' dir='ltr'><strong>studii</strong></span> <span class='ocrx_word' id='word_1_340' title='bbox 1349 5029 1550 5117; x_wconf 82' lang='lat' dir='ltr'><strong>Liptzensis,</strong></span> <span class='ocrx_word' id='word_1_341' title='bbox 1578 5033 1660 5116; x_wconf 91' lang='lat' dir='ltr'><strong>prout</strong></span> 
     </span>
     <span class='ocr_line' id='line_1_42' title="bbox 254 5126 1659 5216; baseline -0.006 -15"><span class='ocrx_word' id='word_1_342' title='bbox 254 5131 349 5201; x_wconf 92' lang='lat' dir='ltr'><strong>nobis</strong></span> <span class='ocrx_word' id='word_1_343' title='bbox 377 5130 550 5216; x_wconf 90' lang='lat' dir='ltr'><strong>incumbit,</strong></span> <span class='ocrx_word' id='word_1_344' title='bbox 581 5152 672 5197; x_wconf 88' lang='lat' dir='ltr'><strong>mens</strong></span> <span class='ocrx_word' id='word_1_345' title='bbox 700 5138 812 5197; x_wconf 86' lang='lat' dir='ltr'><strong>nostra</strong></span> <span class='ocrx_word' id='word_1_346' title='bbox 839 5129 994 5215; x_wconf 89' lang='lat' dir='ltr'><strong>occupari</strong></span> <span class='ocrx_word' id='word_1_347' title='bbox 1020 5128 1171 5194; x_wconf 91' lang='lat' dir='ltr'><strong>continue</strong></span> <span class='ocrx_word' id='word_1_348' title='bbox 1199 5149 1265 5195; x_wconf 89' lang='lat' dir='ltr'><strong>non</strong></span> <span class='ocrx_word' id='word_1_349' title='bbox 1294 5127 1430 5196; x_wconf 88' lang='lat' dir='ltr'><strong>desistit.</strong></span> <span class='ocrx_word' id='word_1_350' title='bbox 1474 5129 1552 5199; x_wconf 77' lang='lat' dir='ltr'><strong>Cum</strong></span> <span class='ocrx_word' id='word_1_351' title='bbox 1575 5126 1659 5215; x_wconf 83' lang='lat' dir='ltr'><strong>igitur</strong></span> 
     </span>
    </p>
   </div>
   <div class='ocr_carea' id='block_1_10' title="bbox 0 0 1908 6148">
    <p class='ocr_par' dir='ltr' id='par_1_10' title="bbox 0 0 1908 6148">
     <span class='ocr_line' id='line_1_43' title="bbox 0 0 1908 6148; baseline 0 0"><span class='ocrx_word' id='word_1_352' title='bbox 0 0 1908 6148; x_wconf 95' lang='lat' dir='ltr'><strong> </strong></span> 
     </span>
    </p>
   </div>
  </div>
 </body>
</html>
