3756 6158
241 484 281 546 36
494 481 574 529 Lchr-
594 482 648 530 und
666 480 848 545 Stundcnpian
868 483 909 530 fiir
926 480 978 530 alle
996 482 1148 531 Faculti'stcn
1167 497 1228 531 rom
1246 479 1329 532 Jahra
1349 486 1413 531 isra

241 682 314 724 mus
345 660 516 747 princeps,
553 660 620 726 dux
652 661 878 747 Georgius,
909 706 1067 727 ...........
1081 664 1091 704 ¹
1119 662 1357 727 Germanorum
1392 662 1525 746 ingenia
1556 663 1669 748 inepta

242 759 389 823 discendi
416 759 619 849 docendique
641 763 766 826 ratione
788 770 925 825 aewtem
948 770 980 826 et
999 772 1128 848 tempus
1157 760 1231 848 plus
1257 781 1362 846 aequo
1391 761 1530 846 perdere
1552 782 1670 845 cogno·

242 861 360 942 visset,
390 868 517 923 maturo
541 860 676 925 consilio
697 862 836 947 optimas
856 858 987 946 legendi
1008 859 1209 947 docendique
1231 861 1376 923 rationes
1402 860 1436 923 in
1463 859 1600 945 singulis
1621 859 1668 923 fa-

243 956 418 1022 cultatibus
439 959 598 1042 instituit,
620 970 655 1024 ut
677 959 844 1045 sigillatim
864 961 952 1024 infra
973 959 1220 1047 explicabimus.

216 1133 233 1186 5
741 1140 920 1188 FACUL'I'AS
942 1141 1177 1191 THEOLOGICA.

326 1256 392 1322 Sed
413 1256 498 1320 unde
519 1256 718 1341 auspicatius
739 1277 836 1339 quam
858 1279 879 1320 a
898 1278 993 1321 sacra
1019 1257 1184 1343 theologia
1214 1256 1394 1339 ordiemur,
1423 1277 1507 1343 quae
1534 1277 1594 1342 per
1621 1263 1670 1319 to-

241 1367 310 1421 tum
330 1356 492 1420 hominem
514 1355 689 1419 fiduciam²
717 1363 850 1419 sanctae
872 1357 942 1441 spei
964 1355 1140 1440 refocillat,
1169 1379 1263 1421 sacro
1285 1355 1454 1420 charitatis
1475 1356 1552 1440 igne
1572 1354 1671 1435 foret,

243 1456 309 1521 fide
331 1454 525 1519 confirmat?
545 1453 639 1518 Haec
660 1454 995 1541 contemplacionem³
1016 1455 1158 1543 inclytae
1183 1457 1339 1520 trinitatis
1356 1452 1519 1519 mentibus
1541 1454 1672 1539 ingerit,

240 1555 323 1619 haec
346 1564 395 1618 est
417 1554 507 1619 scala
527 1553 655 1636 Iacobi,
678 1576 742 1640 qua
764 1552 871 1619 coelos
892 1576 994 1640 usque
1016 1555 1239 1620 contendimus
1263 1564 1297 1619 et
1317 1576 1381 1642 qua
1401 1553 1465 1618 ad⁴
1486 1551 1671 1617 Ezechielis

201 1652 438 1718 toanimalibns
460 1664 492 1718 et
512 1655 593 1718 rotis
611 1652 697 1717 ultra
718 1663 840 1718 terram
867 1651 1031 1718 elevamur
1056 1656 1264 1742 internasque
1287 1675 1365 1740 opes
1386 1653 1589 1738 inspicimus.
1631 1650 1671 1717 ll·

242 1753 304 1817 lius
329 1753 457 1838 singula
479 1751 582 1818 verba
604 1760 859 1834 sacramentum,
880 1751 997 1839 quibus
1019 1754 1129 1818 anima
1153 1752 1196 1817 ad
1217 1753 1313 1817 deum
1334 1750 1498 1833 volatura,
1518 1761 1554 1815 ut
1574 1749 1671 1816 Plato

241 1854 301 1935 ait,
324 1852 394 1917 alas
416 1861 595 1939 recuperet
637 1850 686 1915 Ne
707 1849 792 1915 hanc
824 1852 1025 1936 ignoremus,
1055 1851 1292 1917 illustrissimus
1319 1850 1388 1916 dux
1409 1848 1573 1935 Georgius
1597 1848 1671 1913 effe·

242 1955 339 2017 citet
360 1952 545 2034 ordinavit,
579 1950 667 2016 utin
688 1950 791 2013 veteri
814 1957 846 2013 et
866 1970 951 2015 novo
980 1961 1188 2034 testamento,
1217 1952 1294 2016 item
1321 1948 1490 2016 autoribus
1517 1947 1670 2014 ecclesia·

241 2053 331 2115 sticis
353 2075 392 2116 ac
413 2049 617 2116 scholasticis
640 2047 753 2113 ordine
775 2047 958 2136 subscripto
981 2049 1118 2135 singulis
1139 2051 1233 2115 annis
1254 2050 1432 2137 legeretur,
1453 2048 1596 2134 primum

203 2163 234 2217 15
286 2151 380 2215 Hora
409 2151 473 2215 VII
492 2171 587 2213 mane
607 2150 641 2212 in
663 2157 728 2212 vet.
748 2156 835 2230 test,
857 2148 920 2212 hac
940 2157 1063 2214 aestate
1084 2172 1105 2214 a
1126 2142 1211 2215 libro
1229 2149 1395 2214 Geneseos
1416 2135 1629 2234 auspicando.

408 2250 486 2314 VIII
507 2270 602 2313 mane
622 2246 747 2332 legetur
770 2247 804 2309 in
824 2245 869 2310 D.
895 2246 1078 2333 Augustino
1104 2258 1136 2313 et
1157 2248 1375 2336 Hieronymo,
1403 2262 1435 2312 ct
1461 2246 1524 2311 hac
1544 2255 1670 2311 aestate

535 2371 555 2412 a
575 2347 668 2412 libris
689 2345 733 2410 D.
752 2343 927 2430 Augustini
948 2346 989 2411 de
1011 2348 1156 2412 trinitate
1174 2346 1227 2412 dei
1249 2347 1446 2413 exordietur.

471 2448 487 2513 I
507 2447 636 2533 legatur
657 2445 782 2532 primus
803 2443 886 2509 liber
908 2448 1152 2512 sententiarum.

455 2547 487 2611 Π
507 2545 636 2631 legatur
669 2546 703 2608 in
736 2544 940 2609 scholasticis
969 2568 1082 2610 sacrae
1109 2548 1250 2634 paginae
1277 2543 1512 2632 scriptoribus,
1543 2554 1575 2608 et
1606 2543 1667 2608 hoc

536 2647 659 2709 aestivo
681 2635 829 2709 semestri
850 2644 884 2707 in
906 2642 1060 2730 operibus
1079 2644 1168 2710 beati
1189 2645 1344 2711 Thomas.

442 2745 489 2810 IV
511 2766 612 2830 opera
632 2747 708 2809 novi
728 2745 913 2815 testamenti
932 2743 1202 2827 enucleabuntur,
1224 2755 1255 2809 et
1279 2744 1340 2809 hac
1364 2751 1488 2810 aestate
1509 2741 1551 2808 ab
1570 2764 1665 2808 evan·

535 2842 619 2928 gelio
640 2842 856 2908 inchoabitur.
995 2845 996 2848 ’

324 2944 408 3010 (lum
437 2944 506 3007 sine
538 2944 751 3006 exercitiis
782 2941 873 3007 nulla
898 2963 952 3007 ars
981 2953 1121 3026 constet,
1154 2944 1290 3030 singulis
1313 2945 1480 3009 mensibus
1501 2943 1661 3014 ordinarii

241 3047 391 3110 doctores
419 3040 633 3128 disputabunt
656 3051 688 3105 et
709 3040 852 3125 qualibet
874 3042 926 3107 die
944 3043 1080 3107 Veneris
1100 3042 1319 3108 hebdomatim
1342 3044 1485 3108 decanus
1507 3042 1663 3128 theologi·

198 3147 289 3210 escis
311 3139 590 3229 disputacionibus
613 3139 883 3205 extraordinariis
911 3142 1122 3228 praesidebit.
1166 3141 1235 3207 Nec
1256 3142 1375 3208 desunt
1395 3144 1667 3208 concionatu-

239 3247 298 3309 ris
319 3242 409 3325 loca,
433 3240 551 3327 quibus
574 3262 608 3303 se
629 3248 813 3304 exerceant.
901 3299 902 3302 ,

652 3460 656 3467 .
706 3421 884 3470 FACUL'I'AS
906 3423 1071 3474 luamlcs.

320 3542 424 3607 Nemo
446 3551 509 3623 est,
532 3537 670 3604 candide
691 3537 810 3620 lector,
833 3541 888 3625 qni
909 3541 1053 3625 ignorat,
1074 3538 1341 3605 iurisconsultum
1359 3540 1502 3604 iustitiae
1524 3549 1662 3606 asserto·

241 3663 403 3706 ramesse
425 3641 518 3728 quasi
540 3636 737 3724 Delphicum
766 3638 866 3702 totius
894 3640 1036 3703 civitatis
1066 3636 1246 3714 oraculum,
1274 3641 1330 3725 qui
1358 3638 1597 3704 consultoribus
1624 3661 1664 3705 ac

198 3739 414 3806 attollentibus
435 3742 469 3803 in
489 3737 586 3802 rebus
609 3738 738 3802 afflictis
761 3760 855 3824 opem
876 3738 941 3802 fert
962 3747 1003 3821 et,
1025 3749 1061 3803 ut
1081 3738 1163 3804 alter
1177 3736 1306 3825 Apollo,
1329 3737 1498 3803 consilium
1522 3761 1665 3804 commu·

239 3843 337 3921 nicet,
360 3840 429 3901 sine
451 3861 513 3922 quo
535 3838 678 3901 humana
700 3839 894 3910 commercia
914 3847 945 3902 et
964 3837 1168 3924 respublicae
1198 3847 1346 3902 constare
1362 3839 1560 3924 nequeunt⁵
1593 3839 1667 3904 Hoc

241 3938 486 4004 fundamentum
513 3936 695 4018 libertatis,
726 3935 804 4000 hic⁶
830 3936 902 4002 fons
930 3939 1118 4024 aequitatis3
1153 3959 1243 4002 mens
1270 3959 1398 4024 quoque
1425 3945 1458 4001 et
1478 3941 1609 4004 animus
1632 3948 1666 4004 et

241 4037 412 4104 consilium
440 4046 471 4099 et
499 4037 658 4099 sententia
687 4036 828 4099 civitatis
857 4037 964 4122 posita
993 4046 1042 4101 est
1070 4038 1105 4100 in
1131 4034 1268 4121 legibus.
1311 4035 1357 4100 Ut
1383 4059 1424 4101 ex
1453 4036 1514 4102 hcc
1534 4060 1665 4124 qnoque

240 4137 412 4225 gymnasio
435 4156 545 4198 rerum
574 4132 780 4219 publicarum
809 4134 1031 4200 moderatores
1058 4146 1092 4201 et
1120 4136 1264 4200 Iustitiae
1290 4134 1475 4206 defensores
1507 4139 1666 4221 oriantur,

197 4248 231 4303 35
241 4236 480 4302 illustrissimus
502 4233 655 4320 princeps
677 4234 844 4298 constituit
864 4244 896 4298 et
911 4234 1084 4318 ordinavit,
1105 4244 1141 4300 ut
1157 4234 1370 4330 quadriennio
1390 4234 1534 4321 perfecta
1547 4237 1667 4302 utrius·

241 4359 302 4424 que
322 4335 404 4400 iuris
428 4333 547 4419 peritia
567 4330 651 4396 hac⁷
669 4335 794 4410 ratione
816 4332 1009 4399 traderetur.

314 4640 324 4689 l
345 4632 447 4703 Einige
464 4647 536 4702 gana
556 4627 737 4684 unleserliche
756 4627 863 4684 Worte.
965 4637 981 4687 2
991 4633 1098 4699 ficticia
1114 4631 1212 4701 Vogel.
1313 4637 1329 4687 3
1346 4632 1412 4686 Hoc
1429 4635 1670 4705 contasploce‘oss.

315 4723 329 4772 4
350 4716 498 4771 Entweder
515 4712 586 4768 fehlt
602 4713 647 4768 eiu
664 4710 761 4781 Wort,
786 4717 858 4767 etwa
874 4716 984 4768 modam
1001 4716 1069 4787 (vgl.
1087 4714 1218 4770 Hesekicl
1239 4719 1263 4786 l,
1282 4721 1297 4769 5
1313 4714 1353 4786 ig.
1377 4719 1408 4786 3,
1429 4722 1458 4774 12
1475 4715 1529 4788 ig.)
1547 4719 1616 4774 oder
1630 4721 1672 4775 cd

240 4801 276 4855 ist
294 4818 329 4855 zu
345 4798 449 4854 itndern
468 4798 498 4852 in
513 4805 549 4852 ut.

318 4891 332 4939 5
351 4883 469 4953 respubl.
500 4882 510 4951 ΙΙ
537 4880 639 4949 nequit.

318 4973 333 5021 6
351 4968 414 5031 hoc,
431 4965 482 5019 das
499 4964 629 5035 folgendc
639 4963 722 5018 Wort
738 4965 775 5019 ist
792 4965 855 5020 sehr
872 4965 1033 5022 undeutlich
1050 4967 1237 5038 geschrieben,
1252 4985 1317 5022 man
1333 4968 1439 5024 hiante
1451 4969 1523 5024 anch
1538 4971 1671 5025 vsmucht

241 5050 312 5116 sein,
322 5055 424 5120 soram
435 5067 471 5103 zu
483 5049 566 5102 lesen.
590 5046 672 5101 Auch
685 5048 713 5100 in
723 5049 778 5104 den
792 5048 867 5104 daun
882 5049 1030 5121 folgenden
1040 5052 1158 5106 Worten
1173 5052 1210 5106 ist
1219 5052 1379 5108 schwerlich
1391 5053 1469 5108 Alles
1480 5055 1510 5109 in
1524 5053 1670 5126 ordnung.

318 5140 332 5188 Ἰ
352 5133 443 5206 Vogel
463 5130 584 5187 schreibt
597 5132 720 5200 peritiae
737 5133 788 5186 ius.
