3756 6158
716 482 770 534 Des
788 483 922 535 Iohannes
939 481 1019 535 Fabri
1036 486 1070 535 ds
1088 483 1202 535 Wcrdea

437 666 465 729 8.
496 680 690 730 ΜΑΝΒΑΤῙΙΜ
710 682 1010 732 uormlcsroamu
1032 681 1285 732 Russusmorus
1306 678 1474 730 salculus.

333 795 488 861 Notificat
509 797 658 863 omnibus
680 811 711 862 et
733 797 870 884 singulis
891 799 1112 865 universitatis
1133 798 1278 865 eiusdem
1300 797 1479 884 suppositis
1500 818 1560 883 per
1575 818 1667 883 prae

250 897 352 961 sentia
366 897 392 978 ¹,
424 896 472 963 .Ν.
505 898 571 961 iam
603 898 709 962 dictae
737 899 959 963 universitatis
990 895 1054 986 [81‘]
1076 899 1281 986 suppositum
1308 905 1443 984 propter
1470 893 1667 981 multiplices

248 1018 323 1060 suos
345 1016 499 1062 excessus
521 1006 553 1061 et
574 997 732 1061 demerita
753 996 794 1062 de
815 999 977 1063 communi
998 1020 1156 1064 consensu
1176 996 1393 1083 concordique
1415 995 1576 1060 sententia
1593 1015 1667 1059 con·

219 1095 444 1161 usiliarierum
473 1095 655 1161 antedictae
680 1097 903 1162 universitatis
932 1096 975 1162 ad
1001 1098 1253 1185 quinquennium
1281 1118 1352 1160 esse
1377 1094 1571 1181 relegatum.
1613 1090 1667 1159 Ob

247 1194 308 1260 hoc
329 1193 464 1259 mandat
484 1195 571 1260 idem
593 1195 743 1261 dominus
764 1204 870 1262 rector
892 1196 1041 1262 omnibus
1064 1207 1096 1263 et
1118 1195 1253 1282 singulis
1274 1195 1371 1261 huius
1392 1193 1493 1259 studii
1514 1192 1665 1281 supposi-

246 1296 304 1377 tis,
335 1303 494 1379 quatenus
523 1294 648 1361 nullum
674 1298 821 1384 ipsorum
848 1296 916 1361 iam
936 1295 1059 1362 dictum
1079 1295 1261 1382 relegatum
1281 1305 1338 1362 aut
1356 1314 1566 1383 quoscumque
1585 1291 1668 1357 tales

246 1394 387 1480 hospitio
407 1396 559 1482 recipiat,
587 1419 700 1461 mensa
720 1396 844 1479 foveat,
876 1405 934 1462 aut
952 1395 1166 1485 quovismodo
1188 1393 1293 1460 eidem
1314 1392 1366 1459 vel
1387 1392 1512 1474 endem
1532 1413 1667 1458 conver·

248 1495 314 1558 sari
333 1504 535 1580 praesumat,
556 1494 617 1561 sub
639 1518 747 1581 poena
768 1515 792 1561 x
814 1494 1011 1565 florenorum
1029 1495 1235 1562 universitati
1255 1492 1524 1560 irremissibiliter
1543 1490 1667 1580 persol-

208 1591 437 1658 10vend0rum.
479 1593 602 1659 Datum
623 1603 803 1661 rectoratus
826 1594 887 1661 sub
909 1594 1031 1682 sigillo,
1051 1617 1136 1661 anno
1158 1603 1218 1659 etc.

699 1767 729 1829 9.
759 1778 955 1829 munerun
972 1776 1212 1828 sxcnusrorus.

328 1893 396 1958 Nos
417 1893 464 1958 .N.
486 1902 545 1960 etc,
567 1903 684 1958 rector.
726 1892 809 1960 Cum
834 1896 929 1960 iuxta
954 1894 1122 1982 praefatae
1142 1892 1366 1958 universitatis
1387 1900 1562 1974 statutum,
1593 1910 1667 1955 cou-

244 2003 297 2058 tra
318 1992 498 2058 homicidas
517 1991 756 2058 rationabiliter
776 1992 913 2078 editum,
934 1992 1102 2082 quodlibet
1122 1993 1340 2080 suppositum,
1362 1989 1574 2057 homicidium
1592 2010 1666 2077 per

244 2103 391 2180 petresse
409 2100 591 2178 repertum,
619 2114 660 2157 ne
690 2091 877 2158 demolitis
899 2116 959 2160 sua
980 2092 1152 2159 comodum
1173 2100 1317 2179 reportet
1336 2112 1418 2156 nove
1439 2090 1579 2155 crimina
1599 2110 1666 2154 ma·

205 2203 345 2257 teneant
370 2192 542 2278 impunita,
571 2213 648 2256 mox
676 2215 697 2258 a
729 2214 865 2278 corpore
891 2194 1113 2259 universitatis
1142 2190 1331 2279 praedictae
1357 2187 1470 2255 veluti
1483 2187 1668 2255 membrum

245 2290 409 2379 putridum
438 2289 567 2355 excludi
599 2289 716 2357 debeat
744 2301 776 2356 et
796 2292 963 2375 rescindi,
988 2298 1022 2357 et
1045 2291 1095 2357 .Ν.
1117 2290 1303 2378 saepefatae
1322 2289 1545 2356 universitatis
1565 2310 1667 2355 mem·

244 2391 356 2506 hrum,
377 2412 516 2478 poenam
535 2391 569 2455 in
590 2388 773 2456 huiusmodi
794 2399 914 2457 statuto
938 2413 1129 2479 expressam
1149 2414 1189 2457 ac
1214 2390 1297 2473 alia,
1318 2390 1433 2455 merito
1456 2386 1665 2471 attendenda,

243 2491 375 2555 minime
401 2489 583 2577 pensando,
613 2488 863 2556 homicidium
853 2513 887 2555 m
918 2513 1058 2593 persona
1081 2490 1295 2581 quondamt
1266 2489 1401 2556 studiosi
1423 2494 1497 2568 (seu
1517 2486 1667 2566 dismeti)

245 2590 294 2655 ..N
324 2590 365 2655 de
395 2590 443 2654 ..N
471 2589 574 2655 felicis
603 2591 779 2655 memoriae
805 2592 976 2658 temerario
1002 2614 1106 2679 nuper
1134 2590 1373 2679 perpetraverit
1399 2610 1496 2655 ausu:
1526 2587 1667 2705 ideoque

204 2698 543 2776 20praememoratum
563 2689 609 2754 ..N
631 2689 672 2755 de
694 2691 743 2757 .N.
764 2701 898 2778 propter
926 2690 1109 2757 huiusmodi
1134 2712 1296 2755 enormem
1318 2710 1489 2754 excessum
1510 2688 1666 2775 gravissi·

244 2812 397 2876 mumque
426 2788 579 2855 delictum
607 2789 647 2853 de
677 2789 830 2855 concordi
859 2792 1018 2856 sententia
1044 2792 1277 2877 magistrorum
1303 2799 1400 2876 atque
1424 2787 1594 2854 doctorum
1616 2811 1667 2853 su·

246 2888 415 2976 predictae
446 2888 666 2954 universitatis
701 2887 745 2953 ad
779 2889 841 2954 hoc
873 2886 971 2977 spelit
978 2885 1138 2976 ¹]cialiter
1171 2900 1359 2975 vocatorum
1381 2911 1401 2953 a
1421 2910 1560 2975 corpore
1584 2887 1666 2952 eius·

248 2987 322 3053 dem
351 2988 572 3054 universitatis
601 2996 767 3075 tamquam
793 2987 973 3054 membrum
1001 2987 1165 3075 putridum
1192 2987 1388 3054 exclusimus
1410 2996 1443 3052 et
1463 2985 1665 3069 rescidimus,

244 3111 303 3174 per
330 3089 579 3175 praesentiaque
606 3110 627 3152 a
647 3085 736 3152 dicta
755 3096 868 3153 nostra
887 3088 1097 3155 universitate
1118 3087 1248 3176 publice
1267 3085 1471 3153 excludimus
1492 3096 1526 3153 et
1545 3088 1665 3153 resciu-

204 3187 367 3270 25dimus,
404 3187 595 3253 mandantes
623 3186 772 3252 omnibus
800 3197 832 3251 et
862 3185 997 3274 singulis
1029 3188 1210 3273 magistris,
1243 3186 1447 3269 doctoribus,
1480 3185 1665 3269 licentiatis,

245 3285 439 3352 baccalariis
469 3297 501 3350 et
528 3285 732 3351 studentibus
761 3287 984 3352 universitatis
1010 3298 1158 3370 nostrae,
1186 3308 1228 3351 ne
1256 3308 1329 3352 eum
1356 3286 1442 3353 dicto
1464 3285 1513 3350 .Ν.
1534 3285 1665 3353 excluso

246 3387 279 3451 in
301 3386 429 3452 actibus
450 3385 651 3451 scholasticis
680 3394 747 3450 tam
774 3384 915 3474 publicis
936 3407 1033 3473 quom
1058 3388 1196 3473 privatis
1218 3385 1459 3472 quomodolibet
1478 3385 1667 3452 conversari

246 3495 465 3572 praesumant,
480 3485 539 3551 sub
553 3507 660 3573 poena
670 3488 765 3550 unius
777 3508 960 3573 sexagenas
973 3500 1088 3570 novae,
1101 3486 1306 3551 universitati
1320 3485 1591 3555 irremissibiliter
1608 3496 1668 3551 etc.

625 3660 672 3723 10.
704 3671 810 3719 snum
832 3670 1026 3719 munerun
1045 3648 1284 3724 excussimus.

204 3812 238 3867 30
328 3788 396 3875 Nos
417 3801 465 3867 .Ν.
487 3812 547 3867 etc.
569 3812 682 3868 rector.
707 3802 801 3868 Licet
823 3803 872 3871 .N.
895 3801 936 3868 de
958 3803 1006 3867 .N.
1029 3802 1136 3869 dietae
1156 3812 1288 3869 nostrae
1307 3803 1532 3871 universitatis
1550 3826 1668 3893 suppo

249 3903 344 3966 situm
371 3911 506 3990 propter
532 3924 687 3989 poenam,
715 3924 812 3989 quam
840 3902 882 3967 ob
907 3902 1077 3968 nonnullos
1104 3923 1256 3967 excessus
1286 3926 1362 3968 suos
1388 3924 1493 3990 nuper
1520 3904 1668 3988 incurrit,

246 4000 289 4064 ad
308 4024 367 4065 nes
389 4002 493 4084 citari,
515 4023 614 4087 saepe
636 4024 762 4090 quoque
784 4023 823 4066 ac
844 4003 974 4089 saepius
995 4003 1029 4066 in
1049 4000 1156 4067 vulvis
1178 4000 1385 4089 collegiorum
1407 4010 1440 4067 et
1456 4002 1668 4069 ecelesiarum

245 4101 351 4186 primo
373 4102 411 4167 2⁰
430 4103 467 4169 3⁰
488 4109 520 4167 et
541 4123 583 4166 ex
605 4099 884 4189 superabundanti
905 4102 943 4167 4⁰
964 4102 1086 4189 requiri
1114 4111 1145 4166 et
1172 4103 1390 4189 peremptorie
1408 4104 1533 4168 moneri
1553 4101 1667 4168 feceri·

244 4222 333 4280 mus,
361 4209 517 4286 quatenus
544 4200 630 4266 infra
661 4210 783 4266 eertum
810 4209 939 4288 tempus
969 4222 1081 4266 coram
1107 4200 1204 4267 nobis
1232 4203 1415 4289 nostrisque
1445 4202 1668 4281 assessoribus

203 4308 236 4363 35
248 4309 451 4386 compareret
477 4322 538 4387 pro
563 4303 677 4388 poenis
697 4299 793 4367 nobis
813 4322 852 4365 ae
873 4301 1079 4367 universitati
1098 4310 1230 4366 nostrae
1251 4323 1324 4367 eum
1344 4300 1460 4366 effectu
1484 4302 1667 4368 satisfactu-

245 4421 316 4480 rus,
337 4397 480 4484 alioquin
500 4398 544 4463 ad
565 4401 668 4487 ipsius
688 4399 908 4466 exclusionem
928 4400 1194 4489 procederemus,
1219 4401 1359 4489 licetque
1378 4422 1399 4466 a
1420 4400 1509 4467 dicto
1530 4401 1582 4467 Ν.
1604 4400 1668 4468 sul·

315 4653 325 4702 1
346 4649 415 4705 Dies
432 4648 518 4704 Wort
533 4647 601 4703 vird
620 4646 829 4719 gemeiniglieh,
846 4649 903 4703 und
920 4666 952 4704 so
969 4648 1041 4705 auch
1059 4667 1096 4704 an
1113 4648 1202 4704 dieser
1218 4647 1316 4719 Stelle,
1335 4647 1491 4721 abgekiirrt
1504 4654 1587 4721 pite,
1605 4650 1668 4707 wel·

238 4731 310 4811 *cher
328 4732 447 4789 Zeichen
464 4750 549 4805 segur
564 4730 611 4787 fur
624 4733 813 4804 precemur
829 4737 864 4797 (r.
882 4733 915 4790 B.
932 4733 962 4789 in
980 4734 1047 4791 Nro.
1064 4737 1102 4804 t),
1115 4734 1301 4806 protom
1317 4732 1358 4806 (in
1376 4732 1443 4789 Nro.
1461 4738 1479 4788 t
1496 4750 1523 4789 u.
1545 4736 1574 4807 7)
1588 4733 1668 4791 nicht

245 4816 333 4871 selten
351 4818 521 4887 vorkommt,
546 4816 606 4871 also
631 4815 678 4870 fiir
701 4816 747 4871 dis
772 4816 906 4888 Deutung
929 4817 978 4874 der
995 4818 1129 4875 Endsilbe
1144 4835 1197 4890 gar
1214 4818 1314 4875 kelneu
1329 4816 1437 4872 Anhut
1453 4817 1587 4889 gewfihrt.
1621 4818 1668 4877 D·

245 4900 313 4955 aber
331 4904 491 4971 procem
506 4900 653 4956 mehrmals
670 4900 901 4972 ausgesehrieben
918 4901 999 4973 steht,
1017 4903 1068 4958 wie
1085 4903 1115 4957 in
1132 4902 1199 4958 Nro.
1216 4908 1233 4959 9
1249 4920 1276 4959 ιι.
1296 4906 1340 4970 68,
1364 4918 1396 4958 so
1420 4901 1493 4958 habe
1518 4902 1567 4959 ich
1594 4904 1667 4961 auch

244 4985 275 5039 in
293 4983 359 5041 Nro.
378 4990 454 5041 ²911.
475 4990 521 5042 los
537 4986 697 5057 promeru'o
713 4989 825 5055 gesetm
860 4985 1045 5058 Desgleicheu
1062 4987 1133 5042 such
1151 4987 1181 5041 in
1197 4986 1263 5043 Nro.
1280 4990 1313 5042 83
1330 5004 1358 5041 u
1377 4990 1424 5055 86,
1447 4985 1493 5043 die
1517 4988 1579 5044 sich
1603 4989 1667 5046 srd-

245 5067 300 5123 lieh
326 5068 434 5124 litterae
455 5086 565 5125 nennen
590 5070 647 5123 und
670 5086 712 5124 vo
736 5068 823 5125 daber
846 5069 919 5125 nach
936 5071 1074 5142 Analogia
1097 5076 1151 5126 von
1175 5073 1258 5125 datae
1282 5069 1422 5126 vielleicbt
1441 5083 1603 5143 prm
1616 5075 1672 5131 du

247 5152 396 5222 richtigere
414 5171 539 5224 gevesen
557 5157 643 5221 ware,
658 5153 709 5207 das
726 5154 755 5208 in
772 5154 877 5208 andern
896 5153 1130 5211 Formelbiiohern
1147 5154 1227 5210 nicht
1244 5154 1331 5210 seiten
1348 5155 1495 5214 ersehsint
