3756 6158
244 478 305 543 542
735 472 784 525 Dic
803 470 1020 538 pbilosophiscbe
1038 474 1165 524 llacnltitt.

858 658 901 708 Ca
930 667 963 707 nt
979 659 1052 709 VIll.

327 739 370 803 Et
398 762 457 826 per
488 762 522 802 se
551 738 721 824 praeclara
749 674 981 826 utilisquepres
1011 749 1059 803 est
1085 738 1244 802 munditia
1273 747 1305 802 et
1333 745 1482 801 nostrum
1519 736 1664 802 ordinem

245 837 337 902 decet
365 840 531 925 inprimis,
564 848 596 902 et
623 840 755 901 minime
786 837 953 903 ferendum
985 850 1050 921 est,
1079 848 1115 902 ut
1143 836 1361 922 ingredientes
1389 835 1451 900 has
1478 836 1578 901 aedes
1604 860 1666 901 non

245 936 455 1001 scholasticos
477 939 510 1000 in
532 935 592 1017 bis,
617 937 673 1001 sed
695 960 777 1019 sues,
802 937 979 1002 secundum
1001 936 1163 1018 Plautum,
1185 935 1333 1001 habitare
1354 941 1483 1023 possint
1503 935 1665 1000 arbitrari.

202 1035 391 1121 5¹Primum
413 1038 513 1122 igitur
536 1033 620 1123 [143]
647 1059 725 1101 suae
747 1040 882 1122 quisque
903 1035 1096 1101 valetudinis
1126 1057 1225 1100 causa
1250 1034 1373 1099 foetore
1400 1056 1467 1099 non
1495 1034 1602 1098 solum
1621 1037 1665 1098 in·

242 1145 338 1219 grata
356 1134 413 1199 sed
437 1136 531 1198 ctiam
556 1137 706 1199 nocentia
725 1135 867 1221 undique
888 1137 1049 1199 removeri
1070 1135 1214 1216 studeat3
1237 1136 1423 1218 assignatus
1446 1144 1558 1198 autem
1578 1132 1664 1197 locus

245 1246 303 1315 est,
326 1237 359 1296 in
381 1257 477 1320 quem
499 1257 554 1315 ea,
577 1257 659 1320 quae
683 1244 925 1298 converruntur,
938 1235 1167 1320 expurgando,
1191 1233 1310 1297 deferri
1333 1232 1461 1296 debent
1505 1232 1596 1297 Inter
1615 1232 1664 1296 de

246 1333 412 1397 ferendum
433 1355 474 1398 ne
496 1333 573 1420 quid
595 1341 845 1397 stramentorum
866 1332 1053 1398 sordiumve
1076 1332 1206 1397 excidat
1227 1341 1260 1396 et
1279 1331 1345 1396 ulla
1363 1335 1399 1396 in
1420 1342 1518 1418 parte
1539 1330 1664 1395 aedium

245 1432 461 1519 relinquatur,
490 1431 661 1517 diligenter
683 1434 793 1495 caveri
812 1430 977 1513 volumus3
1007 1434 1098 1495 cuius
1128 1431 1244 1496 bacin
1265 1443 1359 1518 parte
1386 1430 1590 1516 negligentia
1611 1429 1665 1495 de·

207 1532 429 1618 10praebensa
448 1536 525 1616 erit,
547 1533 589 1597 ab
618 1554 655 1596 eo
685 1532 832 1615 exigetur
853 1530 973 1596 multae
1001 1533 1130 1596 nomine
1157 1552 1289 1615 grossus
1318 1533 1428 1595 unus.¹
1472 1529 1541 1611 Qui
1561 1532 1595 1593 in
1615 1552 1665 1594 en·

245 1632 337 1718 gulos
361 1632 536 1697 eutalium
557 1629 678 1712 locum,
700 1651 797 1715 quam
818 1629 893 1695 huic
914 1632 961 1694 rei
984 1632 1202 1715 assignatum,
1225 1629 1338 1694 sordes
1361 1651 1575 1719 quascunque
1597 1651 1665 1693 con·

246 1734 400 1818 gesserit,
429 1731 470 1796 ab
493 1754 530 1796 eo
553 1733 724 1816 exigentur
749 1731 880 1813 grossi²
907 1730 980 1795 duo.
1029 1729 1120 1794 Idem
1148 1731 1188 1793 de
1216 1751 1255 1794 eo
1283 1728 1356 1794 loco
1363 1778 1373 1812 ,
1399 1731 1434 1794 in
1462 1751 1561 1817 quem
1586 1738 1666 1792 emta

245 1831 335 1917 ligna
354 1831 475 1894 tuerint
496 1829 660 1916 deposita,
681 1850 746 1893 non
767 1850 895 1895 rursum
919 1838 1101 1915 expurgato
1125 1830 1230 1915 accipi
1250 1828 1406 1895 volumus.
1450 1827 1519 1910 Qui
1541 1827 1665 1893 chartas

132 1953 134 1958 ·
245 1930 433 1995 efenestris
456 1929 506 1995 vel
527 1927 740 2012 undecunque
761 1948 802 1991 ex
831 1925 1033 1993 habitatione
1061 1931 1214 2016 quapiam
1240 1930 1452 2015 proiecerint,
1479 1930 1505 1993 ii
1537 1928 1665 2014 grosso³

205 2040 310 2095 ttuno
332 2029 568 2111 mutabuntur,
598 2030 625 2092 si
653 2027 793 2093 lusoriae
813 2025 889 2092 illae
909 2029 1044 2109 fuerint,
1071 2018 1193 2110 tribus;
1222 2031 1250 2093 si
1272 2027 1406 2094 chartae
1425 2030 1595 2115 proiectae
1615 2028 1666 2090 irn-

245 2128 385 2193 mundae
412 2137 443 2194 et
467 2127 583 2193 foedae
611 2129 745 2207 t'uerint,
769 2148 826 2191 seu
853 2148 1042 2214 quocunque
1074 2125 1139 2193 alio
1166 2127 1265 2214 modo¹
1288 2127 1374 2194 ullae
1400 2137 1515 2214 partes
1543 2125 1665 2191 aedium

244 2228 430 2315 pollutaeet
445 2229 640 2315 inquinatae,
663 2227 814 2311 exigatur
836 2226 878 2290 ob
900 2226 961 2292 hoc
983 2225 1113 2290 foedum
1133 2227 1259 2292 facinus
1281 2227 1341 2292 ab⁴
1367 2225 1620 2313 designantibus
1639 2235 1665 2288 et

245 2351 349 2414 neque
371 2328 434 2392 sibi
459 2348 562 2413 neque
585 2320 670 2412 [144]
695 2323 768 2388 aliis
791 2325 1000 2412 parcentibus
1031 2330 1117 2400 (cum
1146 2335 1178 2389 et
1205 2325 1345 2391 dedecus
1372 2335 1404 2391 et
1431 2323 1664 2390 incommodum

247 2429 407 2513 pertineat
423 2426 466 2492 ad
481 2437 607 2500 omnes)
622 2427 762 2511 primum
779 2424 943 2511 quadrans
957 2423 1081 2507 florini3
1102 2427 1131 2489 si
1148 2429 1265 2490 iterum
1284 2424 1404 2512 aliquis
1426 2425 1553 2508 fecerit,
1573 2422 1664 2488 multa

205 2525 449 2612 boduplicetum
473 2526 500 2589 si
521 2525 626 2605 tertio,
648 2521 838 2610 triplicetur.
1242 2533 1244 2536 ’

328 2625 429 2712 Atqui
449 2625 483 2689 in
512 2623 563 2689 his
593 2625 718 2688 cunctis
745 2621 939 2688 famulorum
967 2623 1087 2689 delicta
1115 2624 1261 2690 dominos
1292 2625 1376 2689 scire
1401 2623 1554 2690 volumus
1583 2623 1662 2710 ipsis,

247 2748 383 2813 quorum
404 2724 456 2789 1111
474 2721 587 2788 famuli
608 2730 690 2804 sunt,
712 2720 831 2787 luenda
852 2745 931 2788 esse.

869 2875 912 2925 Ga
942 2885 977 2927 nt
1001 2877 1048 2928 lX.

334 2955 401 3037 Qui
421 2955 559 3023 locatori
585 2952 712 3020 illiusve
741 2957 888 3021 ministro
910 2891 1020 3022 darbia
1049 2958 1200 3023 iniuriam
1226 2957 1355 3040 fecerit,
1383 2957 1413 3022 is
1439 2956 1594 3023 multetur
1615 2955 1660 3020 flo-

208 3058 322 3123 25rino
345 3055 548 3138 (1111111110,ὁ
575 3055 639 3118 nisi
660 3053 834 3120 verborum
860 3056 980 3120 iniuria
1008 3068 1104 3123 atrox
1131 3058 1236 3121 fuerit
1280 3055 1316 3122 Si
1338 3055 1480 3122 verbera
1502 3056 1661 3145 impegerit

250 3157 319 3220 sine
342 3154 545 3236 vulneribus,
571 3152 686 3219 solvito
715 3153 849 3219 florinos
876 3159 968 3220 tres.ss
1015 3157 1068 3221 De
1089 3154 1275 3221 vulneribus
1298 3178 1406 3243 poena
1425 3155 1591 3242 condigna
1610 3166 1660 3218 sta·

249 3263 357 3319 tuetur
380 3253 505 3320 consilii
526 3251 649 3339 publici
672 3256 840 3317 sententia.
883 3253 947 3333 Qui
971 3253 1106 3320 alterum
1136 3254 1311 3343 quemlibet
1332 3278 1373 3320 ex
1395 3255 1566 3343 inquilinis
1586 3257 1660 3339 igno

251 3355 359 3418 miniis
388 3353 562 3418 verborum
590 3355 801 3439 appetiverit,
832 3354 947 3419 solvito
977 3354 1085 3420 florini
1112 3355 1353 3443 quadrantem.⁷
1405 3353 1443 3420 Si
1479 3366 1577 3419 atrox
1605 3374 1661 3416 ver·

252 3452 366 3519 borum
387 3453 505 3517 iniuria
526 3452 638 3533 fuerit,
661 3450 862 3537 dupliceturS
884 3453 993 3519 multa.
1038 3454 1192 3520 Gladium
1221 3455 1275 3541 qui
1302 3455 1473 3519 strinxerit
1493 3454 1529 3517 in
1551 3451 1661 3537 collegii

209 3562 348 3639 30parte
375 3549 518 3639 qualibet
548 3559 604 3613 aut
630 3549 728 3614 telum
750 3549 963 3638 quodcunque
988 3554 1187 3640 expedierit,
1210 3554 1358 3641 quamvis
1380 3576 1446 3619 non
1468 3554 1660 3640 percusserit,

253 3654 356 3734 icerit,
378 3650 530 3731 emiserit,
553 3647 668 3714 solvito
690 3649 841 3715 florinum
862 3654 985 3716 unum.l

333 3748 379 3838 [S.
397 3745 466 3836 145]
495 3740 612 3829 911111]
634 3771 853 3837 quemcunque
876 3749 981 3815 locum
1003 3774 1085 3816 saxa
1107 3752 1265 3816 coniicere
1285 3760 1342 3815 aut
1364 3750 1495 3837 quidvis
1517 3751 1656 3817 eiaculeri

250 3849 490 3937 depraehensus
512 3847 617 3929 fuerit,
640 3847 755 3913 solvito
778 3872 926 3934 grossum
948 3853 1091 3917 unum¹⁰
1140 3850 1205 3930 Qui
1227 3852 1259 3913 in
1281 3849 1411 3915 bortum
1432 3853 1599 3938 irrepserit
1617 3861 1660 3914 aut

249 3950 355 4015 locum
375 3947 514 4013 alienum
537 3950 682 4031 quemvis
706 3947 886 4013 clanculum
908 3949 1052 4032 subierit,
1075 3953 1103 4016 si
1115 3950 1194 4015 nihil
1206 3948 1445 4035 corrumpendo
1459 3949 1659 4017 auferendove

209 4060 242 4117 ³5
253 4050 362 4115 damni
378 4047 514 4129 dederit,
537 4043 654 4110 solvito
674 4050 857 4132 grossum¹¹
878 4071 992 4131 unum,
1015 4052 1042 4113 si
1065 4050 1141 4137 quid
1164 4049 1361 4135 corruperit,
1385 4048 1569 4132 abstulerit,
1588 4049 1659 4114 dm·

250 4174 326 4215 num
349 4147 469 4212 sarciat
489 4155 520 4210 et
541 4142 679 4209 arbitrio
699 4144 850 4214 locatoris
873 4149 1034 4233 puniatur.

338 4306 348 4352 1
370 4294 485 4350 Hierfur
500 4294 538 4348 ist
555 4297 649 4364 sptiter
666 4298 772 4364 gesetzt
786 4294 932 4364 capeliam.

336 4387 350 4436 2
369 4381 426 4435 Fiir
442 4380 535 4448 graeei
550 4378 588 4432 ist
604 4381 698 4447 opiter
717 4383 824 4447 gesetzt
842 4377 967 4447 angelici.
1038 4418 1040 4425 ‚

335 4473 350 4522 3
367 4463 461 4518 Dafur
477 4467 569 4533 opiter
588 4462 721 4531 aurelino.

335 4555 351 4604 4
370 4549 468 4619 Spiter
485 4548 522 4600 ist
539 4547 574 4600 ab
599 4545 627 4599 in
645 4565 663 4600 α
681 4543 832 4616 corrigiert.

337 4640 351 4688 5
370 4630 462 4686 Dafur
480 4630 515 4684 ist
534 4633 626 4699 opiter
645 4628 824 4700 geschrieben
837 4629 951 4699 floriare
968 4631 1064 4684 decem

337 4723 352 4773 o
371 4716 471 4786 Sptter
488 4715 611 4783 triginta.

339 4807 354 4856 7
374 4800 473 4870 spate
487 4799 620 4868 floriman
636 4815 725 4850 aaran.

337 4889 352 4939 8
371 4883 471 4953 Spater
487 4882 722 4952 quadmplicetur.

336 4973 352 5023 9
373 4968 471 5038 Spliter
489 4963 686 5036 hinaugefiigt:
710 4972 736 5020 et
751 4965 875 5035 abdiam
893 4966 1016 5020 exhibeat
1031 4969 1143 5023 mano.

324 5056 354 5107 to
371 5051 471 5122 Spater
486 5051 638 5121 angelicum

323 5140 351 5194 11
372 5135 472 5209 Spitar
485 5137 627 5210 fimmwn.
