3756 6158
259 474 319 534 212
824 472 880 520 Das
900 483 993 532 grem
1012 469 1118 534 colleg.

257 652 420 734 tamquam
442 649 476 711 in
498 648 667 736 cyclopum
695 660 788 714 coetu
815 647 990 714 barbarica
1012 649 1154 736 quadam
1182 648 1362 735 petulantia
1392 649 1538 735 degatur.
1583 649 1685 732 Quem

258 759 376 814 statum
403 746 590 812 diuturnum
613 771 683 813 esse
705 770 801 835 posse
822 770 886 812 non
907 758 956 812 est
977 747 1229 814 existimandum
1251 757 1283 813 et
1306 771 1368 835 quo
1396 748 1517 814 diutius
1537 772 1684 836 perman·

259 850 352 930 serit,
376 870 413 911 eo
435 849 603 932 graviores
625 849 737 912 ruinae
760 857 834 911 sunt
855 848 1142 932 pertimescendae.

342 946 432 1027 Quas
455 945 496 1010 ob
519 968 571 1010 res
594 969 667 1010 cum
688 947 907 1010 honestissimi
929 945 1057 1032 collegii
1087 948 1120 1010 in
1143 944 1344 1010 scholasticis
1367 944 1505 1011 aedibus
1526 947 1685 1034 principis

214 1057 230 1111 5
255 1044 433 1111 maioribus
456 1046 589 1131 antiqua
610 1047 767 1110 institutio
792 1044 842 1109 his
865 1044 1066 1131 temporibus
1088 1068 1153 1110 non
1171 1044 1267 1109 nullis
1294 1046 1328 1107 in
1356 1042 1504 1131 partibus
1532 1043 1683 1110 observa·

257 1148 360 1211 tiones
384 1153 510 1211 veteres
531 1146 671 1208 retinere
693 1167 756 1210 uon
777 1153 898 1230 posset,
919 1154 951 1208 et
974 1143 1172 1231 quibusdam
1192 1142 1470 1225 intercidentibus,
1491 1142 1684 1228 quibusdam

256 1243 505 1309 succedentibus
527 1243 668 1325 fortuito,
690 1246 787 1308 totius
809 1245 858 1307 rei
878 1242 1118 1308 administratio
1141 1242 1334 1308 labefactari
1354 1244 1522 1330 inciperet,
1543 1241 1684 1309 officium

257 1366 328 1408 esse
349 1365 441 1407 suum
462 1341 606 1426 collegae
627 1351 798 1429 putarunt,
825 1349 862 1407 ut
882 1340 923 1406 de
945 1340 1094 1407 omnibus
1116 1341 1290 1427 diligenter
1310 1341 1530 1407 consultarent
1551 1351 1585 1407 et
1613 1352 1684 1429 post

254 1452 416 1506 maturam
442 1439 708 1505 deliberationem
736 1441 916 1526 legitimam
943 1439 1106 1528 quandam
1136 1441 1293 1506 rationem
1322 1451 1473 1506 curarent
1500 1439 1683 1505 describen-

214 1551 246 1606 10
255 1541 341 1622 dam,
364 1562 462 1626 quam
485 1539 547 1604 sibi
567 1540 631 1626 ipsi
652 1538 804 1626 deinceps
827 1550 859 1605 et
881 1561 1002 1621 omnes,
1023 1541 1078 1628 qui
1100 1540 1134 1604 in
1155 1538 1417 1604 honestissimum
1429 1538 1491 1604 hoc
1513 1537 1682 1625 collegium

255 1647 493 1726 cooptarentur,
523 1637 719 1725 sequendam
742 1660 813 1702 esse
834 1639 963 1703 scirent
1007 1638 1149 1704 Tantum
1177 1637 1270 1702 abest
1298 1648 1334 1702 ut
1363 1638 1601 1703 institutionem
1630 1660 1684 1702 seu

254 1737 476 1803 fundationem
508 1736 556 1801 illi
587 1734 829 1803 convellendam
859 1736 1011 1801 duxerint
1017 1786 1027 1821 ‚
1056 1747 1091 1802 ut
1118 1737 1162 1803 ad
1194 1759 1265 1801 earn
1294 1735 1491 1801 fulciendam
1520 1735 1683 1802 stabilien-

254 1836 393 1922 damque
415 1859 509 1901 omne
531 1834 672 1899 studium
693 1857 798 1900 suum.
808 1834 1011 1901 contulerint
1051 1834 1165 1923 Itaque
1192 1837 1227 1900 in
1257 1832 1320 1900 hac
1348 1833 1553 1901 ordinatione
1580 1834 1682 1922 plera·

255 1959 317 2023 que
352 1935 551 2000 translatitia
582 1936 711 2000 inerunt
743 1943 775 1998 et
807 1935 964 1999 innovata
995 1936 1230 2000 institutionem
1260 1956 1325 1999 non
1356 1933 1596 2021 oppugnabunt
1627 1931 1682 1998 sed

215 2047 245 2100 15
255 2034 437 2100 defendent.

339 2132 435 2214 Quod
457 2134 556 2219 igitur
577 2132 663 2198 lilius
684 2131 736 2199 dei
759 2135 892 2214 aeterni,
916 2129 959 2219 [4]
981 2130 1130 2196 dominus
1157 2141 1268 2198 noster
1288 2133 1381 2196 Iesus
1403 2130 1568 2214 Christus,
1591 2143 1681 2197 autor

256 2232 368 2298 salutis
396 2234 509 2317 generi
535 2231 676 2297 humano
703 2240 736 2296 et
762 2240 869 2295 custos
899 2230 1055 2295 ecelesiae
1085 2252 1173 2313 suae,
1201 2240 1309 2296 ratum
1329 2230 1523 2318 firmumque
1545 2229 1681 2316 benigne

255 2353 326 2397 esse
347 2341 379 2394 et
399 2332 561 2417 pertinere
582 2330 661 2396 velit
681 2328 723 2395 ad
746 2330 942 2393 sanctissimi
963 2329 1103 2393 nominis
1124 2329 1174 2393 sui
1193 2328 1342 2414 gloriam,
1362 2329 1564 2395 fructuosum
1584 2327 1680 2395 eccle

255 2433 323 2495 siae
344 2453 438 2495 usum
461 2440 492 2494 et
514 2429 712 2516 reipublicae
733 2429 831 2492 totius
857 2425 1036 2491 commoda.
1077 2427 1160 2497 cum
1184 2425 1279 2492 huius
1305 2426 1527 2494 honestissimi
1556 2425 1681 2513 collegii

212 2531 289 2595 20in
320 2529 455 2594 aedibus
489 2528 646 2615 principis
676 2524 855 2592 maioribus
887 2548 1059 2591 numerum
1088 2525 1271 2613 compleant
1301 2526 1446 2614 collegae
1475 2546 1515 2611 x,
1545 2526 1616 2592 hini
1642 2549 1680 2592 ex

254 2627 390 2714 singulis
417 2626 602 2693 nationibus
630 2629 676 2704 (in
699 2647 780 2711 quas
802 2626 996 2690 universitas
1018 2625 1213 2690 scholastica
1236 2625 1271 2689 in
1297 2625 1361 2700 hac
1381 2625 1463 2691 urbe
1484 2624 1528 2692 ab
1552 2627 1679 2711 antiquo

255 2726 430 2791 distributa
452 2735 514 2805 est)
535 2727 569 2789 in
589 2724 660 2805 hoc,
683 2726 729 2790 ita
751 2733 786 2787 ut
807 2746 868 2811 par
890 2733 939 2789 est
959 2745 998 2789 ac
1021 2723 1122 2807 decet,
1147 2725 1301 2810 cooptati,
1323 2734 1356 2789 et
1376 2723 1441 2790 duo
1462 2723 1515 2791 his
1539 2724 1679 2790 adiuncti

253 2825 398 2891 medicae
420 2826 499 2889 artis
522 2824 682 2904 doctores,
713 2845 754 2886 ex
775 2822 892 2907 quibus
912 2845 1006 2905 unus,
1029 2822 1303 2888 administrationi
1322 2824 1496 2888 universae
1509 2824 1678 2911 praeposi·

253 2934 315 3007 tus,
344 2924 405 2989 hoc
430 2924 559 2989 nomine
588 2920 768 3008 appelletur
797 2931 830 2985 et
862 2944 1005 2987 annuum
1032 2944 1148 2986 munus
1176 2920 1265 2987 istud
1295 2930 1405 3006 gerat:
1438 2920 1608 3005 decretum
1634 2932 1679 2987 est

208 3024 411 3089 tteommuui
434 3022 593 3087 sententia
614 3019 820 3104 collegarum,
842 3018 996 3106 deinceps
1019 3018 1060 3085 de
1081 3020 1131 3085 his
1151 3042 1222 3087 esse
1239 3019 1411 3102 servanda,
1425 3042 1513 3108 quae
1527 3020 1678 3088 subiectis

249 3120 410 3209 capitibus
433 3129 649 3207 exponuntur.

545 3293 572 3352 1.
595 3303 642 3350 nn
663 3300 867 3350 rnanrosrrr
888 3300 1146 3350 onsrausrronn
1167 3303 1213 3350 nr
1233 3302 1387 3350 mmnaa.

332 3419 518 3506 Praepositi
539 3440 655 3482 munus
678 3438 819 3481 annuum
841 3426 899 3480 est.
934 3415 999 3481 Hic
1020 3414 1247 3501 designabitur
1272 3417 1401 3482 circiter
1431 3412 1521 3482 diem
1544 3415 1677 3503 Georgii

250 3529 282 3582 et
302 3516 399 3582 inibit
419 3519 644 3603 magistratum
661 3515 714 3581 die
733 3513 831 3579 Galli.
862 3515 971 3601 Atque
989 3526 1068 3579 tunc
1088 3515 1208 3601 prioris
1229 3517 1305 3580 anni
1328 3517 1519 3604 praeposito
1539 3514 1677 3597 iubente,

207 3619 419 3704 30promittet
440 3619 564 3680 iuratus
587 3638 621 3680 se
643 3615 805 3679 facturum
828 3613 977 3695 officium,
999 3624 1035 3677 ut
1057 3614 1210 3703 sequitur.

334 3715 427 3802 „Ego
450 3716 496 3779 .N.
516 3717 597 3796 iuro,
619 3713 701 3778 velle
721 3734 773 3777 me
795 3711 935 3777 officium
957 3734 1063 3777 meum
1086 3707 1302 3799 praesta[5]re
1320 3713 1495 3800 diligenter
1516 3723 1550 3778 et
1569 3711 1677 3779 sedulo

249 3816 341 3900 fungi
368 3813 521 3879 mandato
543 3835 685 3894 munere,
712 3811 867 3897 pecunias
893 3808 1036 3897 collegii,
1065 3832 1149 3897 quae
1176 3810 1256 3876 mihi
1281 3811 1422 3878 traditae
1450 3813 1589 3905 lirerint,
1615 3811 1677 3878 dis-

249 3937 387 4001 pensare
409 3911 557 3992 fideliter,
587 3920 619 3974 et
646 3933 730 3995 quae
762 3907 913 3974 distribui
944 3908 1122 3992 debebunt,
1154 3913 1188 3975 in
1215 3913 1255 3976 iis
1286 3911 1514 3998 aequalitatem
1546 3934 1677 3978 servare

249 4035 352 4100 neque
374 4013 471 4077 ullius
493 4032 534 4075 ex
557 4009 689 4095 collegis
713 4030 883 4095 personam
904 4009 966 4073 hac
987 4010 1021 4072 in
1042 4019 1136 4094 parte
1160 4032 1320 4096 personae
1348 4009 1483 4077 alterius
1509 4013 1676 4099 praeferre

204 4123 303 4177 etant
324 4132 524 4176 communem
551 4108 862 4172 administrationem
891 4107 934 4171 ad
963 4106 1060 4172 ullius
1083 4109 1245 4195 privatam
1267 4109 1440 4174 utilitatem
1470 4120 1675 4178 convertere:

247 4210 366 4296 siquis
391 4210 488 4273 etiam
511 4231 553 4272 ex
575 4205 707 4291 collegis
729 4206 942 4293 postulaverit
962 4209 1137 4271 convocari
1161 4207 1342 4293 collegium,
1363 4207 1451 4275 ultra
1470 4209 1559 4277 diem
1580 4232 1675 4277 unum

246 4332 316 4374 rem
337 4329 409 4372 eam
432 4306 579 4372 consulto
601 4327 666 4370 non
682 4304 846 4370 differam.
888 4306 927 4370 In
948 4305 998 4370 his
1020 4316 1129 4370 tamen
1150 4307 1298 4372 omnibns
1323 4306 1407 4390 levis
1428 4307 1527 4397 culpa
1554 4320 1587 4376 et
1612 4310 1673 4376 for

245 4409 327 4471 tuita
347 4405 545 4491 negligentia
572 4404 680 4469 fraudi
707 4405 787 4469 mihi
817 4427 889 4470 esse
915 4428 979 4470 non
1009 4404 1149 4471 debebit.
1190 4407 1242 4471 Ita
1269 4429 1322 4472 me
1347 4405 1429 4472 deus
1456 4407 1593 4477 adiuvet
1617 4431 1674 4498 par

244 4517 390 4572 sanctum
413 4504 617 4591 evangelium
640 4505 779 4569 suum.“¹

202 4616 236 4673 to
326 4606 364 4670 ln
389 4603 592 4690 designando
621 4604 808 4691 praeposito
836 4602 898 4667 hcc
926 4603 1119 4686 servabitur,
1141 4614 1182 4675 ..ut
1208 4606 1291 4671 serie
1318 4607 1535 4694 cooptationis
1558 4628 1670 4672 munus

246 4706 307 4770 hoc
326 4705 498 4770 mandetur
518 4705 575 4785 ita,
604 4726 624 4768 a
644 4704 749 4790 primo
772 4710 807 4765 ut
828 4703 957 4767 initium
976 4703 1035 4768 fiat
1055 4714 1088 4768 et
1107 4701 1185 4768 inde
1204 4704 1319 4770 ordine
1335 4704 1547 4793 procedatur,
1573 4703 1676 4772 donec

246 4826 304 4892 per
324 4805 494 4869 universos
522 4801 645 4867 functio
672 4801 814 4866 muneris
844 4800 939 4865 huius
965 4811 1119 4869 transeat.
1163 4801 1200 4868 Si
1228 4800 1338 4870 tamen
1366 4805 1529 4890 evenant,
1557 4814 1593 4871 ut
1618 4804 1684 4871 de-

322 5022 334 5071 l
365 5016 424 5072 Der
445 5017 559 5073 letatere
577 5014 643 5072 Sata
667 5015 705 5070 ist
727 5032 781 5071 von
806 5016 930 5085 andater,
953 5016 1025 5074 doch
1048 5017 1265 5092 gleichzeitiger,
1285 5019 1371 5076 Hand
1398 5037 1443 5076 am
1467 5021 1567 5080 Rauda
1588 5020 1674 5079 nteh-

243 5108 385 5173 getragen.
