3756 6158
249 491 289 557 56
728 493 779 542 Die
797 492 916 544 Statuten
932 509 995 544 vom
1011 493 1093 545 Jahre
1114 500 1179 544 1410

332 682 360 740 5.
386 673 466 737 Item
494 675 528 737 in
554 672 650 738 domo
672 679 833 741 communi
851 678 1041 762 percuciens
1064 677 1114 742 vel
1138 677 1202 742 alio
1222 676 1318 742 modo
1336 678 1491 743 iniuriose
1513 700 1667 766 corpora·

248 776 321 842 liter
349 772 529 855 offendens,
560 774 641 838 eitra
667 785 776 839 tamen
805 777 972 862 sanguinis
998 777 1184 842 effusionem
1210 776 1439 841 veloflensam
1462 773 1667 865 [12¹²]enor-

249 898 347 956 mem,
375 871 516 959 aliquem
546 874 769 940 circulatorem
799 875 851 940 vel
870 876 1025 941 famulum
1047 878 1189 941 civitatis
1211 877 1244 940 in
1265 877 1400 961 negocio
1422 877 1582 959 civitatis,
1614 886 1670 944 aut

247 972 402 1040 famulum
422 974 642 1038 universitatis
665 976 698 1038 in
719 978 850 1060 negotio
866 977 1099 1059 universitatis,
1122 975 1228 1041 solvat
1245 975 1327 1041 duos
1338 975 1476 1042 florenos
1488 999 1549 1064 pro
1563 1000 1670 1065 poena

223 1073 305 1140 tvel
325 1071 437 1137 sedeat
456 1075 490 1136 in
511 1074 593 1137 turri
614 1095 673 1158 per
694 1074 899 1161 quindenam.

330 1179 361 1240 6.
389 1171 424 1236 Si
451 1194 529 1236 vero
559 1173 592 1236 in
613 1172 684 1237 loco
706 1177 908 1262 praescripto
930 1173 1070 1263 aliquem
1092 1173 1133 1240 de
1153 1173 1331 1261 praedictis
1352 1175 1507 1241 iniuriose
1527 1175 1668 1241 oflende·

249 1276 293 1339 rit
320 1271 363 1337 ad
389 1273 556 1357 sanguinis
586 1272 772 1337 effusionem
794 1274 846 1338 vel
868 1275 1023 1339 offensam
1047 1296 1228 1356 enormem,
1258 1275 1340 1338 citra
1361 1284 1469 1338 tamen
1491 1274 1669 1341 maulacio-

248 1395 339 1455 nem,
366 1373 400 1434 in
426 1381 564 1457 quatuor
592 1370 722 1436 florenis
748 1375 901 1459 puniatur
921 1372 974 1438 vel
996 1373 1107 1438 sedeat
1127 1374 1161 1437 in
1183 1375 1267 1437 turri
1288 1396 1347 1462 per
1369 1394 1522 1439 mensem.
1562 1372 1669 1440 Extra

247 1495 326 1538 vero
348 1471 451 1537 locum
472 1469 673 1558 praedictum
695 1471 833 1557 aliquem
856 1473 896 1538 de
916 1471 1163 1538 circulatoribus
1187 1472 1238 1537 vel
1259 1473 1389 1539 famulis
1410 1474 1553 1539 civitatis
1567 1475 1602 1539 in
1616 1495 1669 1538 ne·
1712 1544 1714 1553 ,

209 1584 241 1640 10
252 1573 347 1660 gocio
376 1571 517 1635 civitatis
544 1571 699 1636 iniuriose
727 1573 937 1658 corporaliter
956 1572 1121 1637 offendens
1143 1572 1196 1637 vel
1220 1574 1428 1660 percuciens,
1455 1573 1538 1638 citra
1562 1581 1670 1637 tamen

250 1671 419 1759 sanguinis
453 1669 640 1734 effusionem
669 1669 720 1733 vel
750 1671 904 1737 offensam
930 1693 1109 1755 enormem,
1145 1670 1252 1738 solvat
1285 1695 1383 1738 rmum
1414 1671 1573 1739 florenum
1611 1694 1670 1759 pro

250 1794 358 1860 poena
379 1769 432 1835 vel
455 1769 567 1835 sedeat
585 1770 621 1833 in
640 1771 722 1835 turri
745 1791 804 1856 per
825 1770 894 1836 dies
915 1780 999 1837 octo.

334 1875 363 1935 7.
392 1868 428 1934 Si
447 1891 525 1934 vero
547 1867 590 1932 ad
610 1873 777 1958 sanguinis
800 1871 987 1936 effusionem
1007 1870 1061 1936 vel
1082 1873 1238 1937 offensam
1259 1894 1437 1956 enormem,
1458 1873 1542 1937 citra
1562 1880 1670 1938 tamen

249 1970 505 2050 mutilacioncm,
534 1978 629 2033 extra
656 1969 764 2036 locum
786 1970 989 2058 praedictum
1011 1970 1150 2058 aliquem
1172 1971 1213 2036 de
1236 1973 1450 2059 praescriptis
1472 1970 1669 2037 circulatori-

209 2082 241 2138 15
251 2071 312 2137 bus
340 2067 393 2133 vel
420 2067 550 2133 famulis
576 2070 717 2135 civitafls
742 2072 777 2134 in
805 2071 940 2156 negocio
962 2071 1103 2136 civitatis
1125 2070 1310 2154 offenderit,
1337 2073 1372 2137 in
1391 2070 1517 2137 duobus
1537 2070 1670 2137 florenis

251 2172 404 2260 puniatur
427 2168 480 2234 vel
501 2167 613 2233 sedeat
632 2171 666 2232 in
686 2171 768 2234 turri
790 2192 848 2255 per
870 2169 1077 2257 quindenam.

331 2276 360 2339 8.
388 2268 469 2334 Item
498 2270 526 2333 si
553 2270 625 2355 quis
654 2267 793 2357 aliquem
814 2268 855 2333 de
876 2268 1122 2335 circulatoribus
1144 2266 1609 2359 velfamralisci1132]vitatis
1630 2271 1665 2335 in

249 2370 384 2458 negocio
413 2369 556 2435 civitatis
582 2378 638 2433 aut
665 2367 820 2434 famulum
844 2371 1064 2435 universitatis
1085 2371 1119 2434 in
1139 2372 1275 2456 negocio
1296 2371 1516 2435 universitatis
1540 2368 1668 2435 mutila·

249 2473 350 2554 verit,
379 2472 412 2534 in
435 2478 508 2535 octo
529 2468 660 2533 florenis
681 2470 833 2555 puniatur
854 2468 906 2535 vel
928 2468 1041 2534 sedeat
1061 2471 1094 2534 in
1115 2471 1196 2535 turri
1217 2493 1275 2556 per
1297 2469 1379 2535 duos
1400 2491 1537 2535 menses.

208 2580 243 2637 20
335 2574 365 2636 9.
392 2570 474 2634 Item
494 2567 649 2634 violenter
669 2566 802 2633 trudens
824 2568 876 2633 vel
896 2569 1056 2657 proiciens
1077 2568 1119 2635 ad
1140 2569 1290 2652 hostium,
1312 2569 1486 2636 fenesuam
1500 2568 1552 2635 vel
1572 2567 1671 2634 aliam

251 2678 379 2759 partem
409 2668 524 2734 domus
545 2669 578 2732 in
600 2668 670 2735 loco
691 2678 841 2756 suspecto
862 2668 915 2734 vel
937 2678 1031 2734 extra
1051 2670 1086 2733 in
1107 2690 1297 2757 quocunque
1317 2667 1381 2734 alio
1402 2668 1490 2751 loco,
1518 2670 1603 2734 citra
1622 2677 1671 2734 ta-

250 2793 325 2835 men
350 2779 571 2855 rumpturam,
602 2768 706 2835 solvat
735 2766 907 2834 dimidium
936 2768 1094 2833 florenum
1123 2792 1183 2855 pro
1203 2790 1309 2854 poena
1329 2768 1381 2832 vel
1403 2768 1515 2834 sedeat
1533 2769 1568 2833 in
1587 2768 1670 2833 turri

250 2894 309 2959 per
329 2869 398 2936 dies
420 2877 568 2957 quatuor.
612 2868 648 2933 Si
673 2891 751 2932 vero
779 2868 910 2955 aliquod
936 2867 1049 2934 talium
1076 2867 1233 2933 violenter
1253 2869 1380 2955 ruperit
1398 2867 1453 2933 vel
1472 2866 1671 2955 deposuerit,

249 2973 283 3035 in
305 2992 364 3035 sex
384 2968 514 3034 florenis
537 2967 689 3054 puniatur
709 2967 763 3032 vel
785 2991 843 3055 per
864 2992 1007 3034 mensem
1025 2971 1252 3033 incarceretur.

209 3080 242 3136 25
337 3075 383 3136 10.
410 3069 492 3133 Item
520 3068 643 3132 faciens
670 3066 827 3133 clamores
854 3067 1026 3134 horribiles
1057 3066 1109 3132 vel
1139 3067 1294 3153 strepitus
1321 3064 1483 3131 indebitos
1513 3073 1671 3133 nocturno

249 3181 405 3256 ternpore,
426 3167 479 3232 vel
499 3175 639 3249 vertens,
660 3169 814 3254 frangens
836 3178 892 3234 aut
913 3176 1084 3255 asportans
1105 3164 1237 3254 aliquod
1258 3188 1317 3230 vas
1333 3188 1438 3255 aquae
1450 3175 1527 3231 ante
1540 3165 1671 3231 domum

249 3269 408 3356 positum,
436 3275 493 3333 aut
519 3267 622 3332 eciam
649 3278 820 3356 asportans
842 3290 956 3333 currus
978 3276 1033 3332 aut
1053 3264 1237 3332 consimiles
1259 3287 1327 3347 res,
1356 3267 1440 3330 citra
1468 3274 1578 3331 tamen
1602 3265 1668 3330 flrr·

250 3379 335 3453 tum,
358 3366 463 3434 solvat
483 3390 582 3433 unum
602 3366 759 3434 florenum
781 3391 841 3454 pro
862 3390 969 3455 poena
989 3366 1041 3431 vel
1061 3365 1173 3431 sedeat
1193 3365 1227 3428 in
1248 3366 1330 3431 turri
1351 3389 1411 3453 per
1432 3364 1501 3430 dies
1524 3378 1608 3431 octo.

334 3474 381 3534 11.
411 3466 495 3533 Item
516 3489 639 3533 vocans
661 3468 801 3557 aliquem
820 3469 977 3532 iniuriose
999 3487 1176 3555 „nequam,
1199 3464 1378 3548 ribaldum,
1401 3466 1563 3552 spurium,
1584 3487 1671 3530 men·

208 3568 386 3634 30daoem“
412 3566 465 3633 vel
493 3566 652 3632 consimili
673 3569 803 3633 nomine
824 3566 930 3632 solvat
950 3588 1010 3653 pro
1032 3588 1140 3652 poena
1160 3574 1297 3650 quatuor
1319 3586 1461 3651 grossos.
1504 3562 1571 3645 Qui
1593 3587 1671 3631 vero

251 3665 382 3755 aliquod
402 3666 515 3732 talium
535 3667 570 3731 in
590 3667 814 3732 circulatorem
835 3666 887 3731 vel
906 3663 1062 3730 famulum
1083 3666 1224 3730 civitatis
1247 3660 1350 3752 [13¹'L
1374 3665 1408 3728 in
1429 3665 1565 3751 negocio
1587 3666 1665 3730 civi·

249 3768 326 3832 tatis
347 3768 575 3848 constitutum,
599 3764 732 3847 dixerit,
754 3767 787 3829 in
808 3775 880 3831 octo
901 3766 1024 3852 grossis
1046 3766 1206 3851 puniatur.
1317 3823 1318 3826 ,

338 3871 385 3932 12.
414 3865 459 3930 Et
486 3864 679 3946 notandum,
717 3864 803 3952 quod
838 3867 872 3929 in
902 3863 1051 3930 omnibus
1079 3874 1111 3928 et
1139 3862 1274 3949 singulis
1301 3864 1511 3950 praescriptis
1540 3862 1669 3931 casibus

253 3965 339 4031 ultra
359 3987 481 4051 poenas
503 3973 632 4028 taxatas
653 3963 813 4029 tenebitur
835 3963 1000 4031 offendens
1022 3963 1210 4027 satisfacere
1232 3965 1317 4049 parti
1339 3962 1447 4028 laesae
1462 3965 1555 4029 iuxta
1570 3962 1670 4029 dicta

210 4075 329 4130 35men
349 4065 484 4129 rectoris
507 4074 541 4128 et
559 4087 689 4128 suorum
712 4086 910 4129 assessorum
932 4061 985 4127 vel
1007 4063 1162 4127 maiorem
1182 4070 1309 4149 partem
1332 4064 1496 4150 ipsorum,
1525 4062 1553 4127 si
1574 4062 1671 4128 oflen-

254 4163 334 4229 dens
356 4172 389 4228 et
407 4164 514 4228 laesus
534 4184 600 4227 non
620 4165 761 4250 poterint
782 4162 875 4228 aliter
898 4160 1099 4228 concordari

339 4270 385 4333 13.
410 4263 492 4328 Item
511 4261 634 4328 nullum
657 4264 860 4350 suppositum
880 4257 1103 4327 universitatis
1124 4259 1253 4347 publice
1274 4271 1383 4326 teneat
1406 4282 1513 4326 secum
1526 4260 1560 4324 in
1576 4258 1672 4325 domo

254 4364 395 4454 aliquam
424 4362 589 4428 mulierem
619 4371 815 4449 suspectam,
850 4384 953 4449 neque
990 4384 1061 4426 cum
1091 4359 1148 4425 tali
1179 4359 1319 4443 habitet,
1353 4359 1413 4426 sub
1444 4381 1550 4447 poena
1577 4360 1671 4424 unius

254 4485 441 4548 sexagenas
461 4485 567 4528 novae
588 4462 639 4527 vel
660 4461 931 4526 incarceracionis
952 4483 1011 4547 per
1033 4481 1185 4524 mensem.

212 4575 245 4630 lo
341 4569 386 4630 14.
411 4562 491 4627 Item
519 4563 719 4648 suppositum
747 4561 984 4641 universitatis,
1015 4556 1144 4644 publice
1178 4558 1325 4624 deferens
1352 4557 1484 4646 pilleum
1512 4556 1671 4645 laycalem

254 4670 310 4729 aut
331 4661 429 4727 alium
444 4660 595 4726 habitum
614 4661 815 4726 indecentem
836 4659 886 4724 vel
907 4659 1010 4723 eciam
1030 4667 1187 4723 nocturno
1208 4668 1353 4746 tempore
1372 4658 1406 4724 in
1427 4658 1545 4747 plateis
1558 4656 1670 4723 velans

255 4763 381 4843 faciem,
403 4762 436 4826 in
459 4769 596 4850 quatuor
617 4762 739 4848 grossis
760 4761 921 4846 puniatur.

341 4864 411 4928 15.¹
439 4861 520 4927 Item
549 4861 576 4924 si
602 4861 690 4926 circa
717 4857 885 4945 praedicta
904 4854 957 4922 vel
978 4855 1110 4943 aliquod
1131 4858 1277 4944 ipsorum
1300 4856 1432 4946 aliquod
1454 4857 1589 4925 dubium
1609 4857 1670 4924 ori·

326 5174 724 5246 remensemque.
