3756 6158
243 492 304 555 352
732 492 781 541 Die
800 489 1018 555 philosophische
1034 488 1161 541 Facultit.

245 692 464 757 quemcunque
486 679 603 734 statum
626 670 795 754 devenero,
810 672 907 737 velim
928 673 1136 758 procurare¹3
1160 672 1235 735 item
1256 668 1341 757 quod
1362 692 1427 735 non
1441 668 1536 736 velim
1552 669 1646 735 deter-

244 771 368 834 minare
389 769 453 833 nisi
473 768 584 834 habito
604 773 738 856 signeto.

324 922 480 982 Hieroacl
499 943 556 982 voa
577 927 708 983 nudarer
726 925 824 982 Hand
843 925 1054 1002 iimperat:

324 1069 405 1132 Item
438 1069 523 1154 quod
550 1069 646 1135 velim
674 1069 802 1156 publice
830 1069 1044 1134 determinare
1070 1078 1144 1135 ante
1172 1069 1267 1133 finem
1298 1067 1462 1155 sequentis
1493 1067 1646 1148 examinis,

203 1177 219 1231 5
245 1169 309 1232 nisi
330 1190 390 1254 per
410 1167 595 1232 facultatem
617 1191 714 1254 super
733 1167 794 1234 hoc
817 1191 941 1234 mecum
962 1169 1060 1234 fuerit
1080 1168 1310 1256 dispensatum.

783 1423 1114 1432 *—

312 1613 423 1682 ¹Dcrm
446 1622 516 1681 sind
535 1624 555 1684 2
576 1622 675 1680 Saites
696 1624 757 1702 laer
776 1606 929 1699 yclacae'm
951 1624 1072 1719 darauf
1087 1621 1203 1699 beyimrt
1224 1623 1333 1702 wieder
1353 1623 1401 1682 die
1422 1633 1501 1684 crate
1519 1622 1622 1683 Hand:

644 1790 679 1839 11.
705 1791 765 1839 Die
782 1788 1032 1851 Magistrsndeu
1049 1787 1249 1838 betreffend.

245 1915 307 2005 [Bl.
329 1910 401 2004 libb]
426 1917 739 2006 Subsequencia
758 1918 901 2006 legere
921 1908 1078 1984 leuetur
1096 1917 1280 2006 quilibet
1300 1919 1485 1986 decanus
1505 1942 1647 2008 promo·

283 2015 372 2082 veri
393 2016 634 2114 volentibus
656 2020 705 2085 ad
725 2018 898 2105 gradum
919 2018 1181 2104 magisterii²
1202 2020 1242 2083 in
1261 2019 1424 2086 artibus
1445 2029 1617 2107 tempora

206 2126 238 2181 ¹0
342 2115 677 2203 dispensacionis
698 2129 736 2184 et
756 2128 941 2206 tempore
965 2117 1256 2203 inscripcionis
1279 2140 1346 2185 seu
1366 2120 1569 2191 introitus

826 2216 887 2282 ad‘
903 2237 1082 2281 examen.

250 2372 276 2430 1.
306 2383 342 2430 m
364 2383 457 2442 Quor
479 2383 789 2432 msrurscroumus
816 2382 1013 2433 cremanus
1040 2382 1269 2432 rrouovrunr
1294 2385 1342 2432 sn
1367 2358 1601 2437 asumuntur
1621 2384 1649 2433 u

656 2482 804 2531 surmus
827 2481 1013 2555 ruuuurua
1034 2480 1251 2553 comnenus.

812 2601 871 2665 Vgl.
888 2601 1035 2664 Hauptstat.
1055 2598 1094 2649 12.

211 2722 241 2778 15
333 2711 478 2793 Quilibet
499 2713 763 2794 baccalariorum,
789 2716 823 2778 in
846 2712 969 2779 artibus
991 2707 1111 2778 voleus
1131 2715 1323 2800 promoveri,
1344 2736 1406 2801 pro
1427 2713 1549 2781 bonore
1566 2712 1646 2781 facul·

246 2813 322 2877 tatis
356 2813 479 2876 arcium
509 2815 543 2877 in
573 2813 685 2880 decern
715 2812 994 2901 disputacionibus
1022 2810 1197 2878 ordinariis
1226 2813 1262 2877 in
1289 2812 1405 2899 habitu
1434 2810 1560 2903 integro
1588 2823 1647 2879 snb

248 2912 451 3003 apercionem
479 2915 697 2999 temptaminis
725 2936 746 2979 a
774 2913 933 3000 principio
963 2911 1055 2976 tercii
1088 2911 1306 2999 sophismatis,
1335 2933 1503 3002 quousque
1519 2907 1647 3001 ¹quinque

247 3012 395 3096 magistri
417 3010 605 3096 arguebant,
628 3022 669 3095 et,
690 3035 730 3077 ne
751 3011 984 3098 respondentes
1005 3009 1164 3094 deficiant,
1186 3017 1321 3098 paratus
1342 3011 1386 3077 ad
1407 3011 1645 3100 respondendum

250 3109 293 3172 ad
314 3132 537 3197 quamcunque
564 3122 689 3196 partem
710 3121 837 3176 tenetur
859 3132 1057 3198 comparere,
1087 3110 1146 3175 sub
1176 3133 1282 3195 poena
1308 3133 1373 3177 non
1397 3107 1644 3178 admissionisrl

207 3217 241 3272 20
251 3217 456 3295 temptamen,
477 3211 540 3274 nisi
558 3209 732 3297 diligencia
752 3209 898 3277 adhibita
914 3207 1117 3274 commodose
1129 3209 1327 3296 tappardum'
1341 3208 1463 3276 babere
1477 3234 1542 3299 non
1553 3210 1643 3298 pouit,

251 3306 371 3394 dequo
393 3308 579 3374 facultatem
598 3332 658 3396 per
678 3319 776 3374 testes
797 3308 849 3373 vel
873 3331 965 3383 suum
984 3311 1200 3400 iuramentum
1219 3308 1418 3374 informabit.

653 3480 682 3541 2.
704 3493 800 3539 surm
818 3492 865 3539 su
888 3491 1033 3540 omnum
1053 3491 1260 3540 usursuuuu.
1328 3484 1331 3489 ’

818 3611 877 3673 Vgl.
895 3611 1041 3674 Hauptstat.
1059 3609 1099 3662 21.

331 3725 413 3789 Item
443 3725 485 3789 ad
515 3724 654 3811 gradum
681 3724 860 3809 magisterii
884 3733 958 3789 sunt
985 3722 1060 3788 libri
1080 3723 1150 3787 isti:
1189 3724 1433 3809 topicorum,
1459 3724 1507 3790 de
1532 3721 1639 3798 coelo,

208 3823 298 3889 25de
328 3826 622 3909 generacione,
651 3823 977 3909 methapbisiea,
1009 3844 1142 3907 parva
1168 3820 1401 3906 naturalia,
1430 3824 1639 3896 ethicorum,

248 3924 521 4011 politicorum,
550 3924 906 4008 yconomicorum,
938 3922 1206 4006 perspectiva
1227 3924 1463 4015 communi-s,
1484 3923 1639 3988 theorica

251 4022 532 4137 planetarum,
558 4021 770 4104 Euclides,
797 4019 916 4106 loyca
943 4019 1115 4102 Hesbri,
1141 4021 1409 4131 arismetriea
1434 4020 1640 4096 communis,

248 4123 403 4186 musica
423 4120 571 4203 Muris,
593 4122 902 4225 metheororum.

342 4334 347 4343 ι
415 4292 442 4354 3.
480 4304 527 4351 ΒΕ
549 4303 744 4351 exultemus
766 4304 812 4352 AD
835 4248 980 4350 GRADUll
1001 4300 1200 4350 MAGISTEBII
1221 4300 1507 4356 PERTINEN'I'IBUS.

206 4428 240 4484 30
555 4450 558 4455 -
806 4421 866 4484 Vgl.
888 4422 1034 4484 Hauptstst
1053 4419 1094 4470 24.

330 4537 413 4602 Item
432 4535 538 4601 nullus
561 4535 657 4601 debet
677 4535 804 4600 admitti
825 4533 868 4599 ad
887 4535 1162 4621 temptanren'pro
1179 4535 1285 4621 gradu
1299 4537 1488 4622 magisterii,
1501 4537 1561 4602 nisi
1573 4532 1640 4622 prin

250 4637 376 4700 steterit
403 4638 436 4700 in
467 4637 634 4700 exerciciis
664 4634 894 4720 infrascriptis,
926 4632 1048 4697 seilicet
1077 4629 1164 4719 [37⁸]
1192 4634 1460 4722 methaphisieae,
1485 4634 1641 4706 ethicorum,

253 4734 460 4818 phisicorum,
488 4736 607 4799 veteris
640 4736 730 4815 artis,
758 4755 840 4819 quae
869 4742 944 4796 sunt
973 4733 1185 4814 necessitatis,
1212 4722 1452 4806 melheororum
1480 4732 1530 4799 vel
1554 4729 1640 4820 parvi!

251 4833 452 4898 naturalibus
482 4855 542 4919 pro
570 4856 644 4915 uno,
676 4835 710 4896 in
741 4831 781 4896 de
812 4830 900 4897 coelo
931 4838 963 4895 et
992 4829 1110 4895 mundo
1133 4829 1185 4896 vel
1207 4831 1247 4897 ds
1274 4835 1488 4918 generacione
1515 4854 1571 4919 pro
1587 4845 1640 4904 urb

331 5071 340 5119 1
361 5064 490 5136 Anfangs
508 5083 564 5120 war
580 5062 759 5136 geschrieben
772 5063 892 5128 fimiter
910 5063 1060 5118 obseruare

330 5153 345 5202 2
364 5148 417 5203 Die
435 5149 534 5205 Worte
551 5150 591 5202 ad
605 5149 723 5219 pamm
739 5147 893 5216 murari
909 5146 971 5200 sind
988 5147 1038 5200 mit
1055 5144 1206 5201 schwarzer
1223 5145 1329 5203 Scbrift
1345 5136 1548 5220 mantola
