3756 6158
244 464 304 530 506
735 465 785 518 Die
803 467 1022 532 philosophische
1039 469 1162 519 Facultitt.

202 703 204 706 .
235 667 342 734 poena
353 647 471 728 vocati,
495 647 563 713 eius
580 648 749 712 occasione
770 671 862 712 suam
884 649 1082 715 ordinariam
1102 649 1272 717 lectionem
1291 653 1425 718 minime
1448 658 1659 740 postponant,

235 745 383 812 sedeam
401 749 587 813 continuare
603 745 730 832 debent,
752 747 810 814 tali
828 750 1058 815 convocatione
1078 773 1144 816 non
1166 749 1323 817 obstante.
1358 750 1539 818 Tenebitur
1553 759 1660 816 tamen

236 845 310 911 talis
330 845 432 911 lector
454 846 488 915 in
509 848 644 932 propria
665 870 805 934 persona
825 848 876 913 vel
896 871 954 935 per
976 848 1074 913 alium
1096 851 1287 936 magistrum
1313 849 1402 938 apud
1423 850 1585 916 decanum
1605 850 1660 914 hc·

235 953 325 1010 neste
345 967 379 1010 se
402 966 560 1009 excusare
581 955 628 1029 et,
649 970 708 1012 sua
728 946 866 1014 lectione
887 945 1017 1031 habita,
1039 958 1074 1013 ut
1102 948 1257 1014 obediens
1279 972 1479 1036 comparere.
1522 947 1657 1014 Poterit-

190 1054 207 1110 5
234 1067 296 1131 que
317 1045 380 1111 hoc
401 1066 480 1110 casn
500 1046 535 1110 in
557 1046 719 1132 principio
749 1049 991 1114 convocationis
1021 1057 1115 1113 extm
1143 1048 1288 1114 ordinem
1318 1071 1397 1113 suae
1431 1049 1588 1114 sessionis
1620 1047 1661 1113 ad

233 1145 479 1232 requisitionem
505 1143 620 1209 decani
648 1168 740 1210 suum
771 1146 934 1212 effundere
961 1157 1073 1214 votum
1104 1158 1136 1212 et
1163 1158 1277 1235 postea
1305 1147 1345 1214 de
1371 1150 1486 1215 favore
1516 1146 1660 1214 mundam

236 1243 328 1308 abire
348 1242 507 1326 lechnus,
528 1257 560 1308 et
581 1243 807 1311 nichilominus
828 1247 972 1331 gaudere
1000 1246 1097 1312 debet
1126 1247 1372 1315 obventionibus
1392 1257 1426 1313 et
1449 1245 1661 1314 emolimentis

236 1343 380 1427 integre,
401 1344 485 1408 sicut
506 1355 694 1430 praesentes
720 1344 895 1410 facultatis.
938 1346 986 1412 Ne
1008 1355 1119 1411 tamen
1141 1346 1221 1412 talia
1240 1346 1439 1435 frequentius
1462 1337 1661 1433 contingant,

238 1441 334 1507 debet
354 1440 441 1507 idem
463 1442 623 1525 decanus,
646 1454 799 1531 quantum
827 1444 984 1532 possibile
1012 1447 1089 1527 erit,
1118 1469 1193 1511 suas
1206 1513 1207 1516 ,
1221 1448 1471 1513 convocationes
1498 1443 1563 1510 illis
1585 1443 1661 1509 dnn·

195 1550 330 1607 rotarat
352 1540 441 1606 horis
462 1543 586 1624 facere,
608 1542 724 1628 quibus
746 1543 938 1630 regulariter
968 1545 1118 1634 magistri
1142 1546 1177 1610 in
1204 1546 1333 1612 actibus
1362 1545 1569 1611 scholasticis
1598 1567 1660 1610 non

235 1648 444 1726 occupantur,
467 1641 529 1707 hoc
550 1652 600 1706 est
620 1651 766 1729 tempore
781 1645 920 1709 ‘acautis
942 1643 1070 1709 decima
1092 1654 1124 1709 et
1148 1644 1329 1729 undecima,
1349 1645 1467 1711 hiemis
1488 1642 1660 1710 undecima

232 1739 329 1805 horis.
371 1740 547 1806 Parimodo
575 1742 646 1806 fieri
674 1739 781 1806 debet
802 1764 859 1829 per
886 1743 1029 1806 iuniores
1055 1740 1229 1830 magistros
1257 1744 1411 1827 lectores,
1437 1746 1474 1810 in
1500 1755 1533 1832 et
1563 1755 1660 1809 exus

234 1838 405 1904 consilium
433 1840 599 1906 facultatis
630 1839 802 1927 degentes,
834 1863 898 1929 quo
931 1838 974 1906 ad
1005 1844 1270 1921 convocationem
1294 1842 1417 1909 domini
1437 1844 1594 1927 rectoris,
1615 1844 1661 1908 ita

236 1948 345 2004 tamen
373 1939 461 2027 quod
487 1951 646 2005 rectorem
675 1942 765 2027 prius
785 1940 942 2025 salutent,
972 1940 1061 2027 apud
1092 1964 1184 2008 suam
1213 1941 1469 2009 dominationem
1498 1966 1534 2009 se
1563 1965 1658 2009 excu-

197 2037 351 2120 ttsando,
373 2040 429 2126 qui
459 2037 594 2104 indubie
620 2062 661 2104 ex
689 2040 821 2105 honesto
853 2040 1044 2127 indulgebit.
1099 2042 1171 2106 Nisi
1202 2053 1270 2107 tarn
1301 2040 1405 2108 ardua
1435 2065 1536 2108 cansa
1569 2052 1660 2125 meet

235 2137 323 2223 quod
346 2160 456 2203 omnes
477 2139 625 2223 magistri
646 2138 830 2203 huiusmodi
857 2141 1140 2224 conventionibus,
1160 2150 1228 2205 tam
1251 2133 1387 2206 rectoris
1410 2164 1509 2229 quam
1536 2141 1659 2224 decani,

231 2238 387 2303 interesse
419 2237 478 2302 sub
511 2239 663 2302 maximis
693 2239 806 2325 poenis
837 2241 1121 2325 asstringcrentur,
1152 2248 1189 2305 ut
1219 2255 1425 2330 nequaquam
1446 2262 1519 2306 sese
1548 2239 1660 2306 absen-

232 2345 304 2402 tare
331 2347 474 2424 possent.

315 2543 363 2605 Ὦ.
389 2555 569 2604 LECTORES
591 2556 636 2602 ET
658 2555 886 2604 Exnncnurns
905 2555 978 2603 NON
998 2555 1111 2604 murts
1132 2556 1197 2604 SED
1219 2555 1319 2604 vauls
1340 2555 1581 2607 AUDITORIBUS

190 2645 224 2702 20
664 2654 805 2702 ΒΕΒΕΝΤ
825 2655 919 2703 DARE
940 2654 1230 2704 ancouululonns.

318 2768 457 2858 [Bl.42⁵]
480 2769 594 2835 Nullus
607 2771 705 2835 etiam
719 2772 949 2857 magistrorum
962 2768 1059 2836 debet
1074 2769 1171 2835 alicui
1192 2769 1491 2857 promovendorum
1512 2768 1595 2836 dare
1615 2795 1659 2837 re

233 2871 450 2956 cognitionem
470 2893 568 2957 super
589 2870 752 2936 auditione
775 2869 910 2935 alicuius
931 2869 1079 2934 lectionis
1107 2892 1165 2934 seu
1191 2871 1364 2952 exercicii,
1384 2871 1450 2934 nisi
1472 2872 1659 2954 constiterit,

231 2969 329 3035 talem
342 2980 504 3057 petentem
515 2968 699 3035 huiusmodi
713 2971 965 3055 recognitionem
980 2970 1021 3036 ab
1044 2991 1081 3035 eo
1102 2970 1274 3037 lectionem
1293 2969 1346 3034 vel
1368 2971 1570 3036 exercicium
1587 2994 1659 3036 vere

234 3069 405 3134 audivisse.
461 3068 620 3136 Constare
651 3079 759 3135 autem
790 3068 852 3134 hoc
885 3071 1026 3156 poterit,
1055 3071 1133 3156 qula
1159 3091 1219 3157 per
1242 3090 1277 3134 se
1306 3068 1409 3134 lector
1428 3067 1484 3134 vel
1505 3091 1657 3136 exercens

194 3168 334 3234 25talem
355 3169 390 3233 in
411 3170 546 3255 propria
567 3190 708 3255 persona
732 3171 894 3233 notaverit
919 3170 1018 3233 fuisse
1041 3167 1238 3255 diligentem,
1261 3167 1314 3233 vel
1335 3189 1396 3255 per
1417 3189 1555 3243 suorum
1575 3182 1657 3237 nota·

233 3277 339 3333 torum
357 3269 445 3333 circa
464 3268 576 3350 libros,
597 3291 678 3354 quos
701 3267 780 3332 dicit
801 3290 835 3332 se
858 3269 1033 3349 audivisse,
1056 3269 1282 3351 ostensionem,
1305 3277 1361 3332 aut
1383 3289 1442 3354 per
1466 3266 1549 3334 duos
1572 3269 1657 3352 alios,

234 3368 332 3432 etiam
352 3390 428 3432 suos
442 3366 655 3448 coauditores,
677 3366 859 3453 fidedignos
883 3378 915 3432 et
938 3367 1100 3433 studiosos
1122 3366 1296 3450 scholares,
1317 3368 1373 3452 qui
1394 3357 1496 3453 super
1516 3369 1579 3435 hoc
1599 3369 1656 3435 talc

236 3468 455 3533 testimonium
471 3467 591 3532 dicunt.
622 3468 706 3532 Nam
725 3470 759 3532 in
775 3489 831 3532 ore
850 3466 949 3531 duum
969 3465 1021 3531 vel
1042 3467 1140 3532 trium
1161 3476 1235 3547 stat,
1257 3477 1294 3533 ut
1314 3464 1509 3551 evangelica
1528 3478 1657 3533 testatur

233 3568 370 3649 veritas,
393 3589 487 3631 omne
511 3568 739 3632 testimonium.
783 3566 885 3638 Etut
912 3567 973 3630 hoc
1001 3566 1107 3630 sciant
1133 3563 1299 3631 auditores
1321 3564 1497 3634 lectionum
1520 3578 1553 3631 et
1573 3591 1656 3633 exer·

192 3666 399 3747 ³0ciciorum,
411 3688 452 3731 ne
468 3676 640 3753 praetextu
654 3667 858 3752 ignorantiae
874 3688 918 3748 se,
939 3667 1025 3731 ultra
1047 3665 1300 3753 publicationem
1321 3687 1381 3751 per
1403 3663 1566 3731 decanum
1585 3678 1656 3731 tem·

234 3788 313 3852 pore
334 3765 483 3831 lectionis
513 3776 708 3831 statutorum
735 3765 891 3847 factam,¹
920 3765 1051 3829 valcant
1083 3787 1258 3846 excusare,
1286 3766 1438 3850 magistri
1468 3763 1604 3831 lectores
1630 3776 1657 3830 et

235 3876 423 3931 exercentes
446 3868 479 3931 in
499 3867 660 3953 principio
683 3888 813 3929 suorum
835 3873 964 3928 actuum
987 3864 1255 3930 scholasticorum
1277 3886 1351 3929 suos
1373 3863 1542 3930 auditores
1566 3888 1656 3952 super

233 3965 284 4030 his
307 3967 428 4030 seriose
450 3964 569 4029 debent
591 3967 719 4029 avisare
738 3964 971 4050 inducereque,
999 3963 1094 4028 bonis
1114 3963 1229 4028 mediis
1258 3960 1505 4050 persuadendo,
1530 3975 1565 4030 ut
1594 3964 1656 4029 dili·

234 4074 348 4151 genter
368 4066 489 4129 intrent
513 4087 588 4129 suas
609 4063 763 4129 lectiones
786 4074 817 4128 ct
837 4065 1009 4146 exercicia,
1031 4064 1124 4128 iuxta
1145 4062 1286 4149 desuper
1308 4061 1398 4126 edita
1420 4071 1559 4145 statuta3
1586 4064 1656 4129 ulio·

192 4173 225 4228 35
235 4166 313 4252 quin
345 4175 488 4251 tempore
519 4186 576 4228 suo
607 4163 860 4248 recognitionem
893 4184 990 4248 super
1022 4161 1186 4228 auditione
1216 4160 1400 4226 huiusmodi
1430 4161 1604 4228 lectionum
1628 4176 1657 4228 ct

233 4265 468 4329 exerciciorum
489 4265 621 4328 minime
642 4262 685 4327 ab
707 4264 753 4326 eis
773 4261 1005 4349 impetrabunt.

499 4435 548 4496 23.
575 4447 622 4493 ns
644 4445 902 4495 nrsruns'rrorus
926 4444 1117 4493 cromnam
1139 4443 1400 4493 nsolsrsoauu.

320 4562 407 4643 eria
428 4561 624 4627 sufficienter
646 4561 687 4627 de
713 4561 882 4646 diligentia
906 4568 938 4624 et
964 4558 1138 4627 lectionum
1166 4571 1198 4625 et
1227 4561 1464 4626 exercicicrum
1494 4563 1656 4648 provisum

235 4671 284 4726 est
305 4671 336 4726 et
358 4663 486 4746 singula
507 4662 568 4725 rite
589 4671 619 4725 et
640 4670 728 4725 recte
748 4659 898 4723 videntur
928 4682 998 4724 esse
1027 4659 1193 4742 ordinata,
1226 4660 1299 4724 ideo
1323 4658 1433 4747 placet
1462 4683 1525 4748 pro
1545 4662 1655 4726 maiori

194 4762 434 4826 toincremento
450 4761 584 4825 etfama
597 4762 701 4826 nostri
723 4758 821 4823 studii
842 4759 1006 4824 facultatis
1028 4761 1147 4826 artium
1168 4769 1201 4823 et
1221 4760 1308 4824 omni
1328 4758 1476 4824 eiusdem
1496 4759 1654 4825 facultatis

234 4862 467 4946 magistrorum
490 4860 633 4943 honore,
665 4870 700 4925 ut
727 4860 823 4923 etiam
852 4857 1028 4945 disputatio
1059 4859 1243 4942 ordinaria,
1263 4857 1481 4923 tolerabiliter
1503 4869 1610 4926 tamen
1628 4871 1656 4924 et

323 5064 332 5112 1
355 5059 419 5130 Vgl.
438 5061 459 5122 L
481 5066 517 5127 10,
540 5057 612 5113 oben
631 5056 658 5113 S.
678 5062 735 5120 493,
749 5061 788 5112 26.
824 5056 878 5112 Die
897 5054 1116 5128 Wiederholung
1134 5055 1182 5110 des
1199 5055 1312 5112 Fehlers
1328 5055 1437 5112 erkldrt
1453 5055 1516 5117 sich
1531 5055 1653 5124 dadurch,

234 5143 299 5198 dass
318 5142 406 5198 diesn
423 5142 589 5215 Paragmph
607 5161 662 5199 von
679 5143 741 5198 dem
757 5139 888 5198 friihcren
905 5139 1121 5215 abgeschriebsn
1139 5139 1223 5196 ward.
