3756 6158
293 467 351 534 108
755 472 809 520 Des
828 473 962 521 Iohannes
978 470 1058 524 Fabri
1075 474 1109 523 de
1124 473 1239 523 Werdea

293 654 344 714 35.
374 666 568 715 macaron
588 668 657 715 ruo
680 669 915 720 coroucnuoo
937 671 1049 721 rurus
1071 670 1242 734 Quouosu
1261 669 1546 721 mnusrmssms
1567 672 1696 721 rumm-

768 770 883 820 messa
904 772 948 819 nc
970 771 1128 820 noumaa
1149 769 1225 821 arc.

370 880 506 947 Mandat
526 883 675 949 omnibus
693 894 725 950 et
744 886 880 972 singulis
900 888 1082 973 magistris,
1103 885 1301 968 doctoribus,
1322 884 1495 952 licentiatis
1519 895 1594 954 etc:
1629 910 1707 978 qua·

288 990 381 1047 tenus
420 980 516 1047 hodie
551 982 632 1048 hora
661 1007 700 1052 .n.
728 995 804 1050 ante
841 994 984 1051 castrum
1017 986 1112 1052 huius
1155 984 1268 1073 oppidi
1308 987 1503 1052 conveniant
1545 985 1590 1052 ad
1623 982 1707 1075 [Πῦ]

261 1080 530 1148 tcondncendum
552 1083 647 1148 fimus
670 1085 830 1172 quondam
851 1084 1089 1152 illustrissimae
1110 1086 1328 1173 principissae
1349 1107 1389 1150 ac
1410 1083 1559 1152 dominae
1573 1086 1635 1169 .N.,
1653 1108 1708 1153 na·

287 1190 341 1247 tae
362 1203 403 1246 ex
424 1180 576 1266 Bavaria,
600 1182 749 1250 ducissae
770 1184 949 1269 saxoniae,
972 1186 1175 1272 lantgraviae
1198 1183 1399 1270 Thuringiae
1420 1207 1460 1250 ae
1480 1182 1710 1273 marggraviae

286 1279 449 1363 Misnnae,
481 1282 710 1349 dilectissimae
737 1284 931 1351 conthoralis
954 1284 1164 1350 illustrissimi
1187 1305 1226 1348 ac
1246 1282 1473 1349 humanissimi
1495 1285 1657 1373 principia
1677 1296 1710 1351 et

289 1378 426 1464 domini,
449 1381 570 1448 domini
591 1383 739 1467 Ernesti,
763 1386 961 1451 sacrosancti
981 1383 1121 1449 Romani
1141 1383 1269 1470 imperii
1289 1383 1574 1451 archimarschalci
1596 1395 1629 1451 et
1648 1382 1709 1450 ele

288 1481 386 1547 cteris
416 1489 493 1563 etc,
525 1481 568 1547 ad
597 1482 767 1549 ecclesiam
793 1486 898 1550 sancti
925 1485 989 1566 .N.,
1013 1482 1137 1569 vigiliis
1167 1482 1289 1549 ibidem
1318 1482 1545 1551 decantandis:
1576 1494 1609 1550 et
1635 1506 1709 1551 cras

247 1589 279 1646 10
287 1580 368 1646 hora
391 1604 429 1649 .n.
452 1583 561 1647 missis
579 1605 641 1669 pro
664 1582 778 1649 eadem
798 1583 879 1650 inibi
901 1582 1104 1650 celebrandis
1127 1604 1198 1649 sese
1219 1583 1433 1670 personaliter
1455 1584 1621 1652 offerendo
1635 1606 1706 1672 pre·

287 1703 404 1771 cesque
424 1703 521 1767 quam
543 1680 769 1749 devotissimas
791 1706 850 1771 pro
871 1677 980 1749 anima'
1000 1683 1168 1770 praefatae
1188 1682 1338 1749 dominae
1359 1683 1511 1752 ducissae
1528 1684 1708 1775 adpatrem

284 1780 581 1848 misericordiarum
602 1782 817 1870 porrectando
838 1792 1055 1871 praesentent,
1075 1805 1137 1848 nec
1160 1782 1236 1848 inde
1253 1782 1409 1849 recedant
1427 1786 1492 1851 nisi
1511 1784 1577 1851 hiis
1597 1783 1705 1851 finitis.

290 1880 358 1947 Sub
379 1903 486 1969 poena
506 1880 718 1949 obedientiae.
760 1882 884 1949 Datum
904 1890 1086 1949 rectoratus
1108 1890 1167 1951 etc.
1194 1887 1281 1951 1484.
1609 1882 1691 1963 ἕπῃ»

360 2087 411 2152 36·
440 2100 635 2149 manarunt
654 2102 701 2149 DE
722 2100 965 2150 summamus
986 2100 1175 2149 PRINCIPUM
1193 2101 1238 2148 ΕΤ
1259 2101 1415 2151 mortun
1436 2101 1632 2151 menarum

250 2192 280 2247 i5
823 2200 896 2249 NON
918 2199 1170 2249 orrannum.

371 2314 508 2381 Mandat
535 2316 682 2383 omnibus
707 2326 767 2383 etc.
792 2316 971 2383 districtius
998 2314 1193 2400 inhibendo,
1231 2325 1387 2406 quatenus
1410 2315 1536 2383 nullum
1561 2318 1709 2405 ipsorum

288 2414 428 2502 aliquem
449 2436 491 2480 ex
512 2414 661 2500 vasallis,
683 2416 854 2482 clientibus
876 2414 1169 2482 confamiliaribus
1191 2416 1480 2482 illustrissimorum
1501 2415 1708 2509 dominorum

288 2514 405 2581 ducum
427 2513 591 2581 Saxoniae
611 2539 651 2582 ac
670 2515 807 2583 aliorum
828 2515 1032 2582 dominorum
1054 2516 1122 2581 sive
1143 2527 1341 2603 magnatum,
1361 2515 1425 2581 hiis
1439 2514 1554 2583 diebus
1567 2518 1604 2583 in
1616 2540 1708 2606 prae·

288 2637 361 2680 sens
383 2613 538 2701 oppidum
559 2614 824 2698 adventurorum,
843 2612 980 2680 ubilibet
1000 2617 1196 2698 constitutis,
1218 2616 1328 2703 palam
1347 2614 1400 2680 vel
1421 2614 1545 2681 occidte
1566 2617 1707 2703 iniuriis,

247 2712 510 2795 toirrisionibus,
538 2713 819 2780 inclamationibus
848 2736 907 2780 seu
934 2714 1006 2779 aliis
1035 2715 1233 2800 quibuslibet
1257 2715 1457 2781 contumeliis
1483 2716 1622 2801 afficiat,
1636 2706 1708 2784 ‘dut

288 2813 528 2901 quomodolibet
567 2814 668 2880 verbo
702 2813 754 2879 vcl
793 2814 879 2879 facto
915 2815 1070 2879 iniuriose
1088 2836 1091 2843 ’
1106 2815 1262 2898 offendat,
1300 2838 1405 2903 neque
1444 2815 1585 2882 insultus
1624 2813 1707 2905 [18⁸]

290 2923 345 2981 aut
375 2913 536 3003 quashbet
562 2913 644 2981 alias
664 2913 854 2981 insolentias
874 2914 1019 2979 excitare
1040 2937 1098 2980 seu
1118 2936 1326 3002 quoscunque
1347 2937 1500 2981 excessus
1519 2925 1709 3003 perpetrare

288 3024 483 3102 praesumat.
528 3013 596 3081 Sub
624 3038 731 3103 poena
758 3014 870 3080 decem
899 3012 1094 3080 florenorum
1122 3024 1178 3079 aut
1203 3014 1429 3100 relegationis,
1462 3013 1548 3079 ultra
1575 3037 1707 3105 poenas,

287 3117 377 3203 prius
407 3116 441 3180 in
470 3116 600 3181 statutis
630 3112 851 3180 universitatis
880 3111 921 3177 de
948 3121 981 3176 et
1008 3135 1105 3199 super
1132 3112 1318 3179 huiusmodi
1344 3113 1531 3179 excessibus
1559 3108 1707 3197 ildinus,

245 3215 490 3281 25universitati
510 3213 778 3281 irremissibiliter
799 3210 1096 3300 persolvendorum.
1138 3211 1262 3278 Datum
1283 3221 1343 3281 etc.

288 3404 336 3468 37.
365 3416 560 3465 manarum
586 3416 655 3465 PRO
683 3413 861 3464 OBVIANDO
893 3411 1202 3474 CONDUOEMDOQUE
1227 3413 1383 3474 ALIQUEM
1403 3412 1571 3463 LEGATUM
1592 3414 1709 3464 PAPAE·

371 3530 508 3596 Mandat
529 3531 676 3599 omnibus
697 3539 729 3597 et
749 3527 883 3617 singulis
905 3528 1071 3615 magistris
1093 3538 1168 3598 etc:
1200 3537 1357 3615 quatenus
1384 3526 1481 3594 hodie
1508 3529 1592 3597 hora
1614 3553 1654 3599 .n.
1676 3532 1710 3596 in

290 3631 381 3697 curia
408 3629 537 3716 collegii
560 3655 597 3700 n.
619 3630 770 3697 decenter
798 3627 960 3694 habituati
984 3630 1178 3694 conveniant
1199 3627 1241 3694 ad
1264 3627 1458 3694 audiendum
1482 3639 1515 3695 et
1534 3628 1710 3696 videndum

289 3731 523 3798 ordinationem
545 3754 757 3819 personarum
777 3728 870 3794 huius
892 3729 1123 3810 univcrsitatis,
1142 3750 1201 3814 pro
1224 3727 1370 3793 sollemni
1388 3728 1642 3818 venerandaque
1654 3729 1711 3796 ob·

246 3832 431 3898 30viatione
451 3840 484 3896 et
504 3831 665 3897 conductu
685 3828 947 3895 reverendissimi
970 3828 1004 3891 in
1026 3827 1156 3894 Christo
1179 3829 1283 3915 patris
1302 3837 1334 3893 et
1355 3827 1493 3911 domini,
1516 3829 1640 3895 domini
1660 3830 1707 3898 M.

287 3931 387 4019 legati
411 3929 451 3995 de
466 3929 584 4014 latere,
607 3954 666 4018 per
688 3930 924 3995 sanctissimum
945 3936 1005 3995 etc.
1028 3926 1191 3993 dominum
1212 3937 1360 3993 nostrum
1379 3928 1442 4011 .N.,
1462 3928 1575 3994 divina
1600 3931 1709 4018 provi·

289 4030 399 4097 dentia
418 4052 538 4116 papam
559 4039 718 4112 octavum,
736 4031 771 4094 in
793 4027 891 4093 certis
903 4028 1019 4109 causis,
1041 4035 1160 4092 statum
1182 4035 1410 4092 sacrosanctae
1423 4027 1591 4094 Romanae
1611 4029 1709 4095 eccle

290 4132 358 4195 siae
385 4128 672 4212 concernentibus,
698 4128 741 4193 ad
768 4127 853 4192 hanc
873 4127 1016 4213 patriam
1033 4127 1139 4208 missi,
1168 4127 1312 4191 crastina
1330 4125 1403 4191 luce
1424 4128 1711 4213 processionaliter

287 4227 438 4294 fiendam.
478 4227 546 4294 Sub
566 4228 769 4295 obedientiae
792 4248 906 4314 poena.
948 4225 1072 4291 Datum
1093 4232 1273 4291 rectoratus
1295 4224 1355 4291 sub
1377 4226 1437 4311 sig.
1459 4236 1520 4292 etc

245 4422 278 4479 3⁵
360 4418 411 4482 38.
437 4428 708 4494 muneremur
729 4425 866 4488 aureum
887 4425 1076 4474 uocousuo
1098 4425 1261 4474 ramosa
1283 4425 1631 4494 vasaron,au1ou1n

779 4525 922 4574 marcrrr
943 4525 1208 4573 rasrarmrno.

369 4643 506 4709 Mandat
532 4640 681 4708 omnibus
710 4651 770 4708 etc
799 4641 977 4706 districtius
1005 4639 1195 4722 inhibendo,
1226 4649 1384 4728 quatenus
1411 4639 1534 4706 nullum
1563 4643 1710 4728 ipsorum

290 4742 443 4829 deinceps
475 4743 616 4809 serotino
643 4752 791 4829 tempore
823 4749 896 4828 post
929 4761 1048 4817 nonam
1080 4743 1114 4807 in
1150 4749 1288 4824 aestate,
1316 4742 1351 4805 in
1374 4740 1480 4806 hieme
1511 4737 1599 4830 [18l’]
1632 4764 1710 4809 vero

289 4851 363 4929 post
383 4850 533 4908 octavam
553 4841 666 4909 horam
687 4844 721 4907 in
742 4841 858 4929 plateis
880 4840 976 4926 atque
998 4849 1073 4905 ante
1094 4840 1230 4926 collegia
1249 4839 1302 4905 vel
1314 4838 1432 4905 bursas
1450 4840 1625 4926 spatiando
1640 4843 1710 4907 sive

249 4940 443 5027 tovagando
469 4941 587 5025 vadat,
616 4963 720 5031 neque
746 4940 902 5007 clamores
930 4937 1102 5005 horribiles
1127 4949 1225 5027 atque
1244 4947 1357 5005 cantrrs
1378 4938 1574 5006 clamorosos
1594 4941 1630 5006 in
1649 4941 1709 5007 eis·

291 5039 365 5105 dem
387 5043 534 5126 suscitet,
561 5064 664 5129 neque
693 5063 784 5106 arma
812 5039 937 5105 deferat
963 5062 1019 5104 scu
1041 5037 1209 5125 pixidibus
1231 5049 1287 5105 aut
1306 5036 1495 5104 bombardis
1517 5060 1710 5126 quemquam

293 5139 464 5226 sagitando
492 5150 674 5227 perterreat
700 5140 753 5205 vel
782 5139 939 5224 offendat,
966 5161 1069 5226 neque
1096 5138 1235 5205 famulos
1264 5139 1423 5222 civitatis,
1450 5140 1541 5205 circa
1562 5138 1616 5205 vel
1636 5148 1709 5228 post
