3810 6150
802 492 857 541 llas
880 508 973 557 grosse
994 494 1099 558 colleg.

484 677 534 737 25.
555 688 600 735 nn
626 689 736 736 ruera
759 691 931 739 racusmn
954 690 1205 748 mnrsraoauu
1226 690 1435 740 sssnurruu.

342 805 423 868 Item
454 803 620 868 absentiae
650 806 879 890 magistrorum
910 805 1029 870 debent
1055 809 1167 869 venire
1197 829 1257 893 pro
1288 804 1435 890 collegio,
1466 804 1569 869 donec
1596 802 1690 867 colle·

260 904 349 988 gium
373 902 522 967 habuerit
543 926 641 968 unam
662 903 714 967 vel
737 904 817 969 duas
841 904 969 986 bursas,
1000 928 1063 991 qua
1085 904 1196 970 habita
1217 904 1268 970 vel
1291 904 1408 993 quibus
1428 902 1548 969 habitis
1571 901 1613 966 de
1634 901 1691 967 ab·

152 1058 158 1064 .
260 1004 364 1066 sentia
384 1004 478 1066 nnius
504 1002 546 1067 ad
574 1024 726 1085 mensem,
757 1026 876 1068 annum
898 1003 950 1067 vel
982 1004 1078 1087 ultra,
1108 1006 1204 1069 tertia
1233 1027 1311 1091 pars
1333 1005 1443 1068 veniat
1463 1002 1505 1066 ad
1523 1002 1636 1066 fiscmn
1659 1012 1692 1064 et

218 1113 234 1165 5
261 1104 358 1166 tertia
376 1125 455 1188 pars
477 1097 536 1188 pro
558 1102 683 1167 familia
705 1105 867 1169 communi
888 1101 1030 1167 tenenda
1051 1114 1084 1168 et
1104 1104 1265 1188 reliquum
1292 1126 1352 1189 pro
1374 1104 1447 1188 ipso
1476 1101 1620 1183 absente,
1650 1101 1691 1165 de

261 1224 325 1287 qua
344 1203 442 1266 tertia
464 1200 589 1266 solvere
611 1213 738 1267 tenetur
759 1226 819 1288 pro
843 1225 902 1268 suo
925 1200 1081 1285 scholare,
1105 1206 1132 1267 si
1152 1206 1303 1291 qucm'in
1324 1202 1459 1287 collegio
1481 1201 1615 1267 dimisit

554 1375 602 1435 26.
623 1386 670 1433 nn
694 1386 857 1435 rsurona
879 1387 1072 1436 sessurus
1095 1387 1354 1450 muersrnonuu.

343 1501 426 1567 Item
448 1500 582 1590 quilibet
603 1501 794 1587 collegiatus
816 1511 924 1589 potest
944 1502 1047 1569 libere
1067 1501 1211 1590 quolibet
1239 1501 1345 1567 medio
1375 1523 1459 1566 anno
1484 1501 1574 1565 exire
1595 1497 1691 1565 colle·

181 1671 183 1674 v
259 1602 347 1684 gium
378 1623 560 1686 perunum
589 1623 748 1684 mensem,
777 1602 859 1667 alias
887 1602 995 1668 nullus
1016 1612 1123 1689 potest
1152 1624 1185 1667 se
1207 1600 1380 1666 absentare
1402 1622 1423 1664 a
1444 1598 1582 1685 collegio
1604 1597 1692 1662 ultra

220 1709 402 1764 lomensem
424 1702 494 1765 sine
515 1699 650 1786 speciali
671 1699 802 1766 licentia
823 1701 961 1788 collegii,
984 1701 1043 1767 sub
1064 1724 1170 1788 poena
1190 1703 1396 1788 privacionis.
1425 1699 1517 1764 Etsi
1540 1697 1583 1762 ad
1604 1719 1692 1762 men·

259 1821 337 1880 sem,
367 1822 487 1863 annum
507 1799 560 1864 vel
581 1799 667 1864 ultra
687 1799 805 1885 aliquis
826 1801 896 1867 vult
921 1801 1043 1867 habere
1071 1801 1246 1882 licentiam,
1274 1811 1399 1865 tenetur
1419 1819 1552 1863 causam
1575 1796 1691 1861 absen-

258 1899 323 1962 tiae
351 1921 460 1964 coram
489 1898 624 1983 collegio
652 1901 852 1985 exprimere,
883 1900 1060 1967 secundum
1089 1903 1179 1966 cuius
1209 1898 1489 1984 legittimationem
1517 1894 1691 1982 collegium

259 1997 353 2062 dabit
373 1997 435 2062 sibi
457 1997 620 2063 licentiam
641 1998 818 2064 secundum
839 2010 966 2087 tempus
989 2001 1124 2087 petitum
1144 1999 1197 2064 vel
1224 1999 1422 2080 restrictius3
1453 2005 1485 2061 et
1507 2019 1572 2062 non
1594 1995 1692 2060 debet

258 2096 392 2182 procedi
415 2096 458 2161 ad
486 2097 622 2163 alicuius
643 2101 877 2185 privationem,
907 2101 971 2164 nisi
1001 2109 1075 2164 ante
1104 2101 1146 2164 sit
1173 2101 1313 2164 monitus
1342 2099 1479 2163 termino
1507 2105 1595 2161 certo
1626 2093 1690 2159 sibi

220 2205 250 2258 15
260 2204 395 2260 asserto.

807 2367 1140 2378 ...-.--—--—-

274 2567 322 2628 27.
342 2580 389 2627 nn
411 2578 506 2627 novo
529 2580 677 2629 maanus
702 2582 905 2631 conunoruu
926 2584 1031 2631 nunu
1053 2581 1220 2642 ouanruu
1243 2578 1380 2628 ramus
1400 2576 1576 2627 rncuumu
1597 2575 1667 2624 eno

663 2683 827 2731 sxrnurn
850 2683 1035 2733 aspernare
1058 2681 1254 2730 rauracus.

341 2795 437 2860 Anno
461 2800 539 2862 1419
561 2794 591 2859 d.
614 2802 642 2864 8.
664 2795 744 2885 Maij
769 2798 821 2864 die
850 2799 945 2863 lunae
966 2798 999 2863 in
1021 2796 1250 2884 praepositura
1272 2794 1317 2859 M.
1336 2792 1473 2858 Lubcrti
1494 2791 1626 2857 Starten
1646 2790 1687 2856 de

258 2893 433 2981 Osnabrug
466 2894 667 2979 conclusum,
699 2896 785 2984 quod
816 2897 1016 2986 peramplius
1047 2895 1087 2960 de
1117 2917 1201 2961 novo
1228 2896 1354 2958 intrans
1389 2891 1558 2979 collegium
1591 2890 1688 2956 debet

216 2993 344 3058 winfra
365 2994 504 3080 primum
527 2993 673 3081 quartale
687 2997 785 3083 primi
807 2999 884 3062 anni
906 2996 996 3085 apud
1016 2997 1240 3084 praepositum
1259 2992 1388 3080 collegii
1411 2991 1574 3081 deponere
1594 2993 1688 3079 quin·

258 3092 362 3168 decim
382 3093 523 3160 florenos
545 3116 698 3160 renenses
720 3095 763 3162 ad
786 3107 971 3185 computum
993 3119 1054 3182 pro
1079 3095 1180 3161 bursa
1206 3092 1363 3160 solvenda
1384 3115 1443 3180 per
1464 3090 1607 3156 medium
1632 3110 1687 3155 an·

256 3216 334 3257 num
356 3215 416 3279 pro
439 3216 474 3258 se
494 3202 527 3258 et
546 3216 606 3280 pro
630 3192 777 3260 scholare
799 3219 857 3262 suo
880 3197 943 3271 (sic
964 3206 1083 3279 tamen,
1106 3195 1192 3283 quod
1213 3218 1272 3282 per
1286 3192 1457 3258 dimidium
1471 3213 1600 3272 annum,
1624 3210 1687 3278 quo

258 3294 291 3356 in
313 3290 449 3374 collegio
473 3314 626 3378 praesens
648 3293 717 3376 sirit,
747 3293 787 3360 de
809 3295 966 3361 absentiis
987 3296 1229 3382 magistrorum,
1255 3293 1282 3358 si
1305 3293 1360 3380 qni
1383 3291 1533 3355 absentes
1554 3290 1687 3372 fuerint,

257 3389 338 3455 nihil
359 3390 505 3475 habeat),
536 3415 615 3479 quos
637 3392 776 3459 florenos
797 3393 885 3459 idem
907 3398 1114 3484 praepositus
1142 3395 1251 3459 statim
1275 3389 1368 3456 dabit
1397 3394 1526 3454 exeunti
1547 3387 1599 3453 vel
1630 3411 1687 3454 suo

216 3499 249 3555 25
260 3492 477 3576 procuratori,
507 3493 536 3555 si
557 3492 670 3557 exiens
692 3496 965 3580 praepositaverit
985 3497 1020 3560 in
1042 3494 1193 3581 collegi03
1216 3493 1296 3556 etsi
1318 3514 1382 3556 non
1404 3489 1687 3576 praepositaverit,

259 3587 351 3652 dabit
378 3588 481 3653 solum
501 3613 620 3656 novem
644 3591 783 3658 florenos
803 3616 970 3677 renenses3
999 3595 1164 3661 residuum
1189 3615 1266 3659 vero
1289 3590 1496 3678 praepositus
1519 3610 1579 3674 pro
1601 3587 1688 3654 utili·

258 3696 325 3752 tate
345 3687 473 3773 collegii
495 3690 547 3754 vel
571 3692 805 3776 magistrorum
826 3692 1037 3780 dispensabit.
1517 3698 1521 3709 '

372 3858 420 3922 28·
440 3871 487 3919 DE
509 3873 696 3922 nummos
718 3877 917 3928 mulsam
938 3879 984 3926 AD
1006 3876 1182 3927 rnafflruu
1201 3876 1238 3924 m
1260 3875 1370 3925 STUBA
1390 3874 1554 3922 uranum.

339 3985 434 4052 Anno
460 3994 537 4056 1420
566 3988 597 4053 d.
624 3996 652 4056 2.
672 3990 817 4056 Ianuarii
846 3992 1030 4058 conclusum
1061 3989 1121 4056 sub
1148 3990 1193 4055 M.
1211 3990 1302 4055 Petri
1320 3989 1460 4075 Wegwy
1483 3988 1522 4053 de
1544 3987 1687 4056 Premis·

215 4084 348 4151 30lavia
372 4088 610 4173 praepositura,
636 4089 723 4177 quod
745 4091 851 4159 nullus
874 4089 1069 4155 scholarium
1094 4091 1225 4155 inantea
1255 4113 1312 4154 seu
1339 4091 1373 4154 in
1400 4090 1545 4153 l'uturum
1567 4087 1688 4155 debeat

259 4185 359 4270 figere
382 4187 509 4250 sive..
531 4238 537 4250 .
559 4190 583 4251 ‚¹
607 4188 775 4255 candelam
797 4189 840 4255 ad
860 4191 1017 4276 parictem
1046 4188 1160 4254 stubae
1184 4189 1379 4270 interiorem,
1406 4210 1467 4253 nec
1486 4188 1578 4252 exire
1599 4189 1687 4254 iene-

260 4296 344 4350 stras
370 4307 431 4349 nec
451 4285 574 4351 intrare
593 4310 652 4352 nec
671 4289 831 4376 frangere,
854 4289 914 4355 sub
937 4312 1039 4376 poena
1061 4290 1225 4353 carentiae
1246 4287 1310 4353 cibi
1331 4310 1391 4375 per
1414 4309 1512 4354 unam
1533 4289 1686 4376 septima·

258 4406 350 4467 nam3
379 4393 411 4448 et
439 4384 580 4451 secunda
599 4389 671 4453 vice
700 4387 822 4455 faciens
844 4388 1035 4455 excludatur
1061 4412 1082 4455 a
1111 4387 1247 4475 collegio
1275 4390 1344 4453 sine
1373 4386 1509 4453 alicuius
1534 4389 1688 4474 magistri

258 4482 453 4549 defensioue.

214 4644 248 4701 35
519 4638 569 4701 29.
595 4654 643 4700 DE
666 4656 829 4704 Taureae:
851 4615 1145 4706 cuauvlsmuuaan
1168 4655 1386 4705 colvsnffluu.

231 4799 233 4803 Α
336 4766 418 4831 Item
439 4766 633 4852 conclusum,
662 4771 748 4857 quod
770 4771 903 4857 quilibet
924 4772 1149 4838 cerevisiarius
1171 4795 1231 4858 pro
1252 4782 1398 4859 tempore
1419 4771 1564 4837 existens
1587 4771 1686 4839 debet

255 4875 414 4952 temptare
446 4868 637 4933 cerevisiam
669 4892 727 4956 per
758 4871 905 4958 quartale
937 4872 1013 4938 anni
1044 4873 1078 4937 in
1110 4870 1224 4938 ordine
1254 4894 1328 4955 suo,
1362 4869 1422 4936 sub
1453 4873 1684 4957 praepositura

255 4963 299 5029 Μ.
320 4962 367 5029 Io.
391 4963 509 5031 Oaach.

334 5170 344 5220 1
365 5163 551 5222 Geschriaben
568 5162 642 5219 steht
659 5164 721 5220 lere.
