3756 6158
248 447 309 512 554
749 449 799 498 Dio
818 448 1001 512 theologisehe
1020 448 1147 501 Facultt't.

249 649 346 713 quam
367 629 496 694 vocabit
519 629 639 694 amieos
664 616 748 694 suos.
791 629 835 693 Et
855 638 931 693 tunc
952 630 1107 716 magister
1128 629 1368 696 commissarius
1394 627 1502 692 mittat
1523 648 1584 713 per
1604 646 1658 710 sp·

248 734 316 790 tum
333 729 505 792 nunccium
527 730 685 813 signatum
708 731 775 794 sive
794 728 931 812 literam,
955 753 1012 796 suo
1033 730 1140 816 sigillo
1162 731 1322 816 signatam
1330 729 1351 809 ¹,
1374 725 1456 792 haec
1476 725 1579 791 verba
1591 746 1660 788 con·

248 826 415 890 tinentem:
437 827 598 909 „Domine
621 837 836 912 praesentate,
857 831 927 894 sitis
949 830 1007 895 tali
1028 829 1081 894 die
1102 829 1235 894 ethera
1254 830 1288 892 in
1308 827 1379 893 loco
1401 825 1460 891 tali
1481 823 1525 890 ad
1536 824 1660 909 capien-

248 922 322 987 dum
344 925 513 991 licenciam
533 929 567 990 in
589 925 779 1013 theologia“.
822 928 896 1008 Qua
916 928 1010 994 litera
1030 927 1151 993 ibidem
1173 927 1302 1014 publice
1320 925 1414 1008 lecta,
1436 930 1660 1012 praesentatus

207 1032 223 1083 5
250 1022 303 1087 det
325 1027 460 1090 nunccio
484 1049 581 1090 unum
603 1025 759 1091 florenum
776 1050 952 1092 renensem.
973 1028 1091 1092 Postea
1111 1025 1168 1091 ills
1191 1025 1245 1090 die
1267 1025 1348 1090 hora
1370 1033 1402 1088 et
1422 1021 1513 1088 locus
1537 1019 1661 1108 publice

246 1122 418 1188 intimetur.
459 1125 498 1188 In
520 1125 572 1189 die
593 1134 700 1189 autem
718 1125 807 1190 horis
826 1137 858 1191 et
886 1127 956 1192 loco
983 1127 1145 1212 deputatis
1173 1124 1414 1190 commissarius
1440 1122 1542 1187 faciat
1569 1117 1659 1184 colla·

247 1223 371 1287 cionem
398 1247 458 1310 pro
487 1224 803 1290 recommendacions
832 1225 1031 1291 licenciandi.
1073 1225 1148 1305 Qua
1184 1225 1272 1290 facta
1300 1220 1522 1288 licenciandus
1557 1217 1661 1283 flectat

246 1344 352 1406 genua
373 1330 405 1386 et
425 1323 664 1388 commissarius
686 1322 788 1388 dicat:
831 1323 1052 1406 „Auctoritate
1079 1320 1256 1411 omnilllb]
1267 1323 1405 1410 potentis
1439 1319 1493 1385 dei
1525 1327 1558 1382 et
1578 1314 1660 1380 sedis

247 1420 444 1507 apostolicae
456 1422 553 1486 michi
563 1444 717 1487 concessa
728 1432 759 1487 st
767 1420 833 1509 (vel
841 1422 871 1498 2)
879 1446 938 1510 per
950 1423 1114 1488 dominum
1128 1422 1356 1489 cancellarium
1366 1419 1464 1487 michi
1476 1439 1563 1483 nunc
1578 1438 1657 1480 com·

208 1524 347 1584 10missa
369 1520 410 1584 do
432 1520 492 1585 tibi
516 1521 562 1587 .N.
582 1519 752 1586 licenciam
773 1523 950 1610 incipiendi
972 1524 1006 1587 in
1026 1521 1190 1608 theologia
1213 1531 1244 1586 et
1264 1522 1488 1608 magisterium
1506 1517 1592 1581 inea
1612 1535 1659 1577 ca·

247 1619 355 1705 piendi
375 1628 406 1683 et
427 1618 553 1687 demum
575 1629 666 1685 actus
689 1621 732 1685 ad
760 1623 982 1708 magisterium
1012 1623 1046 1686 in
1074 1621 1237 1707 theologia
1263 1618 1427 1686 faciendi²
1455 1616 1660 1704 pertinentes,

247 1727 417 1804 postquam
449 1717 687 1805 solempnitates
711 1720 853 1785 feceritis
883 1721 925 1785 ad
954 1720 1015 1785 hoc
1045 1721 1225 1808 requisitas.
1267 1719 1313 1793 111,
1335 1719 1466 1784 nomine
1498 1714 1604 1803 patris
1633 1721 1661 1775 et

246 1814 304 1881 lilii
328 1826 359 1881 et
381 1817 515 1904 spiritus
535 1819 647 1883 sancti.
668 1817 802 1883 Amen.“

656 1990 703 2050 17.
723 2003 770 2049 ns
791 2002 1037 2051 vssrsamnms
1060 2000 1242 2062 ssourrnn.

209 2143 239 2198 15
331 2133 510 2220 Vesperiae
536 2133 615 2198 fiant
640 2142 714 2220 post
740 2133 913 2222 prandium
942 2134 1004 2199 hoc
1024 2135 1128 2200 modo.
1168 2133 1326 2220 Magister
1354 2142 1470 2196 tenens
1500 2129 1661 2215 vesperias

249 2231 392 2318 disputet
411 2255 509 2308 onam
531 2233 760 2320 quaestionem,
783 2234 826 2298 ad
849 2257 946 2322 quam
966 2233 1177 2322 respondebit
1197 2255 1279 2298 unus
1302 2230 1343 2296 de
1369 2228 1584 2310 baccalariis,
1616 2226 1661 2289 eni

252 2331 440 2417 praesidens
463 2340 580 2416 arguat
601 2340 633 2395 et
653 2329 958 2426 breviterreplicet.
998 2335 1077 2399 Post
1103 2334 1166 2399 hoc
1192 2353 1301 2396 omnes
1329 2327 1509 2394 baccalarii
1531 2334 1661 2412 arguant

194 2472 196 2477 .
249 2430 475 2516 perordinem,
495 2440 527 2494 et
548 2439 621 2515 post
642 2442 831 2515 argumenta
852 2432 1110 2499 baccalariorum
1134 2431 1302 2519 proposita
1323 2428 1384 2494 soli
1399 2427 1520 2492 seniori
1538 2445 1661 2510 respon·

250 2527 374 2593 doatur.
415 2528 497 2592 ltcm
526 2539 600 2615 post
625 2528 686 2593 hoc
708 2532 814 2595 senior
844 2535 1073 2618 magistrorum
1102 2542 1177 2596 actu
1206 2529 1410 2615 regeucium,
1453 2527 1510 2612 qui
1544 2523 1662 2588 nonsit

207 2627 450 2713 20praesidens,
474 2637 634 2713 proponat
656 2632 875 2715 quaestionem
898 2655 970 2696 cum
992 2631 1200 2718 esposicione
1221 2629 1433 2692 terminorum
1454 2634 1660 2710 etargumen·

248 2726 290 2789 tis
315 2747 374 2811 pro
394 2735 530 2812 utraque
552 2735 661 2811 parte3
684 2751 747 2815 qua
771 2751 829 2815 per
849 2730 1101 2816 vesperiandum
1122 2729 1346 2809 determinata,
1368 2726 1528 2812 magister
1549 2743 1656 2809 propo-

248 2847 328 2888 nens
351 2825 568 2909 quaestionem
602 2836 719 2911 arguat
751 2840 865 2892 contra
893 2829 979 2893 dicta
1006 2827 1115 2915 aliqua
1144 2837 1176 2892 et
1202 2835 1315 2914 postea
1344 2847 1484 2913 sequens
1512 2822 1658 2906 magister

250 2920 334 3009 [12⁸]
358 2933 433 2987 actu
451 2945 566 3008 regens
584 2936 696 2991 contra
717 2926 790 3008 alia,
813 2938 924 2991 contra
947 2949 1029 3017 qaae
1056 2951 1115 3014 per
1144 2925 1393 3014 praecedentem
1412 2945 1479 2988 non
1500 2932 1552 2987 est
1572 2943 1656 3005 argu-

193 3111 196 3116 ¹
246 3031 322 3086 tum.
365 3021 438 3087 Ηοο
458 3023 544 3088 facto
575 3023 632 3088 fiat
657 3026 932 3091 recommendaeio
959 3026 1166 3113 vesperiandi
1193 3047 1252 3112 per
1280 3019 1473 3109 magistrum
1503 3019 1660 3106 vesperias

204 3129 415 3186 25tenentem.

630 3277 674 3340 18.
702 3293 748 3340 ns
770 3293 869 3357 mars,
891 3293 982 3353 Quas
1004 3293 1110 3339 nicar
1133 3293 1169 3339 m
1190 3290 1288 3340 suns.

329 3424 409 3488 Item
430 3425 463 3487 in
485 3423 560 3488 aula
578 3424 684 3509 primo
706 3424 863 3489 aulandus
893 3424 1003 3490 flectat
1030 3447 1137 3509 genua
1167 3433 1199 3489 et
1230 3425 1315 3487 iuret
1347 3421 1574 3485 reverenciam
1602 3440 1657 3483 ma-

247 3525 421 3609 gistrorum
443 3531 475 3586 et
495 3522 580 3609 quod
601 3521 694 3586 fidele
715 3525 934 3588 testimonium
956 3523 1126 3609 perhibeat
1155 3522 1194 3586 de
1215 3519 1457 3609 promovendis,
1486 3520 1564 3584 item
1584 3516 1659 3606 quod

249 3623 367 3687 bonum
387 3622 605 3687 universitatis
628 3630 660 3684 et
681 3621 843 3686 facultatis
865 3622 1074 3708 theologicae,
1106 3621 1149 3685 ad
1175 3641 1398 3709 quemcunque
1431 3628 1552 3684 statum
1576 3617 1657 3682 deve

208 3724 346 3803 80nerit,
370 3718 568 3808 procurabit.
597 3719 650 3784 Ex
673 3729 749 3785 tunc
771 3723 926 3806 magister
949 3745 1035 3801 suus,
1057 3723 1209 3806 imposito
1231 3720 1293 3784 sibi
1316 3719 1451 3800 birreto,
1476 3717 1580 3782 dicat:
1599 3717 1659 3799 „ln-

250 3822 378 3906 cipiatis
399 3821 433 3884 in
454 3820 582 3883 nomine
604 3819 706 3904 patris
727 3830 758 3884 et
778 3819 837 3883 filii
859 3832 890 3884 et
912 3822 1044 3905 spiritus
1067 3821 1182 3884 sancti.
1204 3819 1339 3883 Amen.“
1369 3818 1414 3882 Et
1435 3819 1549 3882 statim
1568 3838 1659 3880 novus

251 3921 405 4004 magister
426 3919 525 3982 saciat
545 3918 896 3987 recommendacionem
920 3942 1032 3983 sacrae
1055 3921 1246 4004 scripturae,
1270 3940 1334 4003 qua
1355 3917 1449 3981 finita
1470 3917 1588 4003 aliquis
1604 3937 1659 3978 ma·

250 4021 351 4104 gister
371 4021 404 4082 in
426 4017 549 4081 artibus
570 4015 621 4080 vel
650 4016 733 4086 alius
763 4017 806 4081 ad
832 4018 894 4083 hoc
925 4017 1071 4104 ydoneus
1101 4040 1236 4103 surgens
1263 4025 1426 4103 proponat
1452 4017 1660 4101 quaestionem

251 4141 323 4181 cum
346 4117 544 4202 argumentis
566 4116 795 4202 disputandam
816 4140 874 4203 por
896 4139 1015 4182 novum
1036 4119 1241 4203 magistrum,
1270 4114 1313 4179 ad
1336 4137 1434 4201 quam
1457 4138 1542 4180 unus
1563 4114 1602 4178 de
1621 4137 1660 4176 se

210 4227 242 4281 35
252 4216 398 4281 nioribus
421 4214 614 4280 baccalariis
637 4207 842 4302 respondeat,
865 4218 916 4280 cui
938 4225 969 4279 et
990 4218 1145 4302 magister
1165 4237 1268 4279 novus
1297 4223 1417 4299 arguat
1445 4225 1479 4279 et
1507 4224 1582 4303 post
1600 4235 1660 4277 eum

252 4316 416 4402 magister,
439 4317 493 4402 qui
514 4315 577 4380 sibi
607 4315 762 4380 birretum
788 4316 950 4401 imposuit
993 4315 1073 4380 Post
1104 4315 1164 4380 hoc
1196 4324 1308 4399 surgat
1337 4337 1421 4378 unus
1448 4316 1604 4400 magister
1627 4311 1661 4375 de

253 4415 434 4480 senioribus
457 4425 531 4478 actu
552 4410 746 4500 regen[12¹³]
755 4413 842 4478 tibus
863 4413 1073 4500 proponendo
1096 4415 1316 4501 quaestionem
1338 4436 1439 4477 unam
1454 4437 1530 4478 cum
1546 4413 1659 4500 exposi-

251 4516 341 4580 cionc
362 4513 571 4578 terminorum
592 4521 624 4576 et
645 4513 843 4598 argumentis
866 4513 940 4576 hinc
969 4511 1063 4595 inde,
1106 4511 1148 4576 ad
1180 4534 1275 4596 quam
1306 4511 1508 4598 respondeat
1528 4536 1607 4577 unus
1627 4511 1659 4574 de

253 4612 433 4678 iunioribus
455 4612 570 4676 stando
591 4635 649 4699 per
671 4620 782 4693 totum,
805 4635 878 4676 cum
900 4612 1098 4696 aliquociens
1122 4609 1305 4697 replicetur.
1351 4610 1427 4691 Quo
1452 4612 1540 4677 facto
1561 4621 1658 4695 smgat

214 4712 372 4798 toaliquis
394 4713 501 4775 senior
522 4712 676 4797 magister
697 4719 771 4774 actu
793 4733 908 4796 regens
930 4720 1005 4797 post
1028 4712 1170 4797 priorem
1191 4717 1435 4795 proponentem,
1458 4713 1516 4798 qui
1537 4709 1656 4776 eandem

337 5016 346 5064 l
366 5009 551 5068 Geschriebcn
568 5007 641 5062 steht
656 5011 800 5079 siccatum

338 5099 352 5147 2
364 5096 498 5162 faeiordi,
511 5092 611 5165 geho'rt
627 5093 750 5148 offenbar
769 5092 859 5146 hinter
873 5093 1046 5162 pertinentes.
