3756 6158
737 501 788 552 me
805 501 926 553 saman
946 516 998 553 von
1019 503 1091 554 issi.
1321 576 1323 580 Α
1565 501 1626 567 259

204 680 267 770 [to]
291 705 371 748 vero
403 705 475 746 cum
506 682 710 748 curatoribus
747 695 777 747 et
806 683 879 747 aliis
910 705 952 747 ex
986 681 1119 767 collegis
1155 680 1217 746 sibi
1246 681 1399 748 adhibitis
1429 683 1625 769 singularum

203 783 331 847 aedium
357 782 450 846 huius
472 780 597 867 collegii
623 782 840 847 habitationes
869 793 902 846 et
928 781 1075 846 cubicula
1101 781 1253 845 lustrabit
1280 805 1317 846 ac
1342 785 1468 863 inviset,
1495 784 1626 847 nomina

202 881 403 966 singulorum
423 882 609 945 conscribat
631 892 662 945 et
682 883 760 966 qnid
784 884 921 946 fractum
951 881 1222 967 reficiendumqne
1249 883 1290 944 sit
1318 883 1499 963 annotabit,
1528 893 1560 945 ct
1581 884 1625 947 in·

204 982 334 1045 defessa
353 1003 454 1065 opera
479 980 681 1045 admonendo
705 984 864 1068 perticiet,
895 993 930 1045 ut
951 980 1077 1067 qualem
1100 982 1235 1066 quisque
1255 979 1486 1045 habitationem
1509 982 1626 1046 condu-

202 1080 303 1144 cendo
335 1081 512 1165 acceperit,
543 1079 640 1144 talem
656 1103 727 1168 ,nec
755 1081 947 1146 deteriorem
977 1079 1090 1143 abiens
1118 1081 1295 1143 successori
1323 1091 1354 1143 ct
1376 1079 1510 1165 collegio
1532 1081 1625 1144 ralia·
1652 1092 1669 1144 t

201 1191 287 1265 quat.

639 1297 686 1343 Dr:
710 1296 1034 1345 CONVOCATIONIBUS
1056 1293 1271 1344 PRAEPOSITL

816 1415 994 1465 Statutum
1012 1415 1093 1463 XXI.

284 1527 544 1594 Convocationes
567 1526 700 1593 habebit
729 1531 935 1616 praepositus
964 1528 1145 1593 ordinarias
1172 1549 1231 1614 pro
1253 1526 1410 1614 eligendis
1433 1526 1626 1592 officialibus

200 1638 230 1690 et
259 1622 456 1711 reddenl26]
464 1626 515 1690 dis
544 1648 654 1690 eorum
683 1627 863 1693 rationibus
891 1628 1091 1714 temporibus
1119 1628 1315 1709 constitutis,
1346 1625 1625 1691 extraordinarias
1637 1636 1667 1689 10

201 1748 287 1807 vero,
311 1727 437 1813 quoties
460 1724 579 1812 alioqui
600 1726 755 1792 acciderit
776 1727 910 1815 aliquid,
932 1727 1181 1814 quodomnium
1204 1725 1372 1791 consilium
1392 1725 1444 1789 vel
1466 1726 1623 1791 auxilium

200 1827 351 1913 requirat.
394 1824 538 1889 Poenam
571 1835 679 1890 autem
712 1837 778 1891 tam
811 1829 845 1891 in
877 1826 1051 1893 ordinariis
1083 1848 1179 1915 quam
1214 1825 1485 1890 extraordinariis
1516 1824 1626 1890 licebit

200 1927 394 1991 constituere
422 1925 456 1988 in
487 1946 551 1988 non
580 1926 771 2008 venientem,
801 1927 830 1991 si
856 1926 1113 1990 distribuendum
1141 1924 1264 2013 aliquid
1295 1927 1352 2007 sit,
1385 1926 1564 2007 carentiae,
1599 1927 1626 1988 si

202 2046 265 2090 non
289 2025 341 2106 sit,
361 2025 396 2087 in
415 2022 592 2088 levioribus
610 2016 688 2089 ‘non
710 2017 974 2107 contradicendi,
1003 2027 1037 2089 in
1062 2023 1272 2110 gravioribus
1293 2027 1387 2089 nnius
1410 2035 1466 2090 aut
1487 2024 1625 2111 plurium

202 2124 387 2189 florinorum
412 2145 470 2210 pro
495 2122 649 2208 qualitate
671 2146 798 2205 causae,
826 2126 1009 2206 autetiam,
1031 2126 1057 2188 si
1080 2126 1227 2210 gravitas
1247 2125 1368 2209 negotii
1389 2123 1450 2188 hoc
1471 2125 1624 2218 exegerit,
1637 2133 1667 2187 rt

203 2223 486 2289 emolumentorum
510 2224 578 2286 cius
608 2225 771 2287 semestris
795 2223 845 2287 vel
874 2246 1001 2309 quoqne
1026 2224 1124 2287 totius
1153 2224 1229 2286 anni
1256 2224 1324 2286 sive
1349 2224 1504 2309 temporis
1534 2245 1626 2310 prae·

201 2324 373 2409 positurae,
403 2320 489 2408 quod
518 2334 624 2385 tamen
649 2321 690 2385 dc
718 2322 938 2409 percipiendis
959 2321 1074 2404 adhuc,
1105 2343 1168 2385 non
1191 2321 1231 2384 de
1253 2323 1417 2408 perceptis
1440 2321 1626 2400 commodis,

202 2420 337 2506 intelligi
366 2416 506 2484 debebit.
549 2419 677 2484 Nullam
698 2443 777 2485 vero
810 2443 947 2509 poenam
978 2420 1159 2503 sustinebit,
1188 2423 1243 2508 qui
1271 2443 1335 2486 non
1362 2423 1541 2485 temeritate
1570 2420 1627 2484 sed

202 2520 392 2587 necessitate
414 2531 469 2583 aut
490 2517 599 2605 aliqua
619 2518 685 2584 alia
706 2522 798 2586 iusta
812 2519 853 2585 de
874 2543 972 2586 causa
992 2520 1141 2601 abfuerit,
1165 2517 1229 2606 [27]
1257 2542 1355 2606 quam
1378 2542 1509 2585 causam
1531 2542 1623 2607 prae-

202 2620 303 2704 posito
327 2627 385 2683 ant
413 2617 559 2703 collegio,
590 2619 645 2704 qui
673 2618 906 2706 praetenderit,
935 2617 1098 2706 probabit
1140 2620 1248 2683 iustae
1277 2628 1385 2683 antem
1407 2641 1524 2684 carnae
1553 2627 1667 2684 cen-20

202 2728 323 2784 santur:
344 2715 508 2799 valetudo,
531 2720 762 2804 peregrinatio,
785 2721 916 2806 nuptiae
940 2721 1008 2784 sive
1029 2717 1204 2806 sponsalia,
1227 2730 1398 2804 parentum
1418 2730 1474 2784 aut
1488 2718 1625 2784 aliorum

201 2829 410 2904 cognatorum
424 2815 476 2881 vel
496 2817 674 2882 amicorum
696 2819 941 2904 peregrinorum
962 2820 1157 2905 praesentia,
1181 2819 1330 2883 convivia
1344 2818 1489 2901 honesta,
1511 2820 1625 2883 lunera

199 2928 226 2981 et
257 2917 285 2981 si
320 2937 403 3003 quae
440 2912 524 2981 aliae
560 2925 635 2980 auat
666 2939 782 2982 causae
814 2915 951 2998 similes,
985 2939 1120 3004 quarum
1153 2916 1439 2982 discernendarum
1470 2918 1624 2983 iudicium

197 3035 297 3100 penes
321 3012 491 3101 collegium
513 3016 583 3082 erit.

665 3149 712 3197 DE
733 3150 856 3197 Pontus
879 3149 1156 3198 ultramodum&
1631 3139 1663 3194 25

770 3270 941 3318 statutum
960 3266 1059 3318 XXII.

279 3381 408 3446 Poenas
431 3403 551 3462 omnes,
581 3380 792 3466 undecunque
814 3380 974 3464 collectas,
996 3383 1043 3447 ita
1065 3379 1210 3445 dividere
1232 3379 1328 3445 debat
1347 3380 1564 3468 praepositus,
1586 3390 1621 3443 ut

187 3482 327 3547 tertiam
350 3490 478 3567 partem
507 3479 584 3545 fisco
612 3480 764 3568 applicet,
795 3483 922 3547 tertiam
950 3480 1131 3546 rationibus
1159 3501 1342 3545 mensarum
1366 3481 1518 3561 conferat,
1550 3479 1621 3544 reli-

187 3574 296 3668 quum
317 3579 381 3644 sibi
403 3580 548 3643 retineat.

187 3706 239 3795 [S.
261 3708 316 3797 28]
347 3728 393 3776 ns
420 3729 593 3778 nacrroua
623 3730 856 3778 srarurosun
883 3731 928 3777 ar
957 3731 1118 3779 corsuna
1139 3732 1160 3778 a
1183 3729 1397 3778 rasaromro
1419 3722 1664 3778 sxamsamso

539 3828 707 3878 coansors
728 3831 773 3877 nr
795 3829 1054 3878 auarvaasasus
1076 3829 1289 3878 nrvmnanrs.

756 3950 929 3999 statatum
947 3948 1063 4000 XXlll.

278 4045 527 4110 Festivitatibus
542 4045 726 4132 pascalibus
748 4047 952 4132 praepositus
969 4046 1161 4112 convocabit
1181 4046 1361 4131 collegium,
1381 4058 1449 4110 tam
1469 4067 1618 4133 praesen·

187 4155 244 4211 tes
266 4147 302 4211 in
324 4143 458 4232 collegio
480 4167 576 4231 quam
597 4146 631 4209 in
653 4144 732 4209 urbe
753 4155 997 4227 commorantes,
1018 4156 1051 4211 et
1072 4155 1261 4211 statutorum
1282 4144 1411 4230 singula
1426 4146 1534 4232 capita
1548 4168 1620 4233 per·

187 4245 335 4311 tinentia
363 4242 405 4308 ad
432 4241 573 4329 collegas
601 4244 761 4309 recitabit.
804 4243 933 4309 Deinde
959 4247 1254 4311 anniversariorum
1282 4247 1425 4311 rationes
1446 4244 1559 4310 reddet
1581 4256 1661 4310 scat

192 4341 412 4408 coenaculam
433 4341 474 4407 de
496 4344 634 4429 pecrmia
655 4342 782 4430 collegii
802 4341 978 4409 exhibebit.

630 4527 675 4573 DE
698 4526 964 4575 SALARIATOBUM
984 4527 1197 4575 PRAEFECTO.

752 4648 923 4696 statutum
942 4644 1079 4697 xxtlll.

278 4756 333 4825 Ne
353 4754 526 4823 difficultas
552 4767 585 4822 et
603 4757 776 4824 multitudo
797 4759 957 4824 rationum
982 4760 1160 4847 praepositi
1187 4780 1297 4824 coram
1324 4759 1477 4846 implicet,
1507 4758 1618 4824 decre·

189 4866 265 4921 tum
287 4864 349 4938 est,
370 4853 435 4943 [29]
457 4858 549 4921 iuxta
570 4856 715 4922 ordinem
745 4859 825 4921 senii
846 4857 980 4942 singulis
1009 4861 1102 4923 annis
1130 4857 1172 4923 ad
1193 4858 1359 4924 Kalendas
1380 4859 1490 4924 Martii
1517 4870 1659 4923 unumto

188 4954 450 5041 praeficiendum
477 4977 557 5036 esse,
587 4958 641 5043 qui
663 4958 864 5022 accessiones
887 4956 927 5021 de
947 4979 1082 5042 corpore
1105 4958 1242 5044 recipiat
1264 4981 1383 5046 easque
1405 4959 1511 5024 statim
1533 4959 1616 5022 inter

193 5051 372 5120 ulariatos
394 5053 530 5136 dividat,
555 5069 586 5119 et
606 5057 737 5144 quidem
759 5057 820 5122 hoc
839 5055 947 5138 modo,
966 5069 1003 5121 ut
1023 5079 1105 5144 quae
1124 5057 1167 5122 ad
1188 5057 1317 5124 Pascha
1336 5059 1406 5123 sive
1426 5057 1614 5145 Walpurgis

197 5175 239 5218 ex
258 5151 454 5219 Weisenfels
476 5164 508 5218 et
529 5151 570 5217 de
592 5157 748 5242 precariis
769 5159 942 5243 receperit,
974 5177 1013 5222 ca
1033 5156 1076 5223 ad
1098 5156 1245 5242 hyemem
1267 5156 1481 5245 praeteritam·
1497 5158 1615 5224 referat
