3756 6158
228 468 268 530 92
521 550 525 561 Ι
711 477 762 526 Die
780 476 899 528 Statulae
918 494 979 529 vom
996 479 1080 529 Jahre
1099 484 1170 537 15⁴³,

232 649 359 732 Quodsi
380 672 454 716 reus
475 674 516 717 ne
537 661 606 719 tum
628 653 758 740 quidem
779 680 939 746 apparere
961 682 1070 726 coram
1089 642 1375 744 iacarevoluerit,
1396 671 1453 727 aut
1474 665 1503 728 si
1526 673 1651 761 sentpn·

231 751 306 831 tiae,
328 751 362 814 in
383 749 444 815 boc
464 749 560 817 modo
582 753 747 820 absentem
768 756 862 840 latae,
884 783 1001 847 parere
1020 762 1228 843 recusaverit,
1253 783 1412 826 consensu
1432 761 1557 848 publici
1578 782 1652 829 eon·

69 904 110 995 θ
232 849 296 914 silii
325 847 495 936 relegetur.
537 853 576 917 In
603 856 740 941 negotiis
766 865 876 922 tamen
906 869 938 925 et
966 863 1073 927 causis
1093 860 1190 926 valde
1213 859 1323 925 arduis
1345 861 1523 948 procedere
1544 871 1653 929 rector

232 951 266 1014 in
287 948 406 1014 iudicio
429 950 539 1034 debet,
567 955 791 1040 praesentibus
821 958 1017 1027 consiliariis
1044 963 1126 1044 suis,
1157 959 1333 1026 secundum
1353 961 1577 1028 universitatis
1598 985 1653 1028 no

206 1057 321 1116 tstrae
340 1048 567 1171 definitiopem.

797 1213 969 1265 statutum
986 1215 1085 1266 XXIV.

577 1320 633 1370 Du·
649 1326 801 1376 REGTOBI
821 1330 1079 1380 EXHIBENTIBUS
1101 1327 1312 1378 MOLESTIAM.

317 1435 419 1501 Nemo
445 1439 664 1505 universitatis
694 1452 825 1509 nostrae
852 1444 967 1512 ditioni
994 1446 1157 1513 subiectus
1187 1448 1313 1512 actione
1333 1441 1408 1509 vel¹
1428 1437 1575 1508 vindicta
1595 1445 1653 1510 im·

232 1543 336 1619 petat,
365 1535 488 1602 directe
515 1537 566 1602 vel
598 1539 771 1624 indirecte,
801 1567 860 1630 per
887 1568 922 1610 se
948 1545 1001 1612 'vel
1028 1569 1088 1634 per
1109 1544 1223 1628 alium,
1254 1540 1426 1610 verbovel
1446 1542 1553 1627 lactc,
1580 1565 1654 1609 eum

194 1632 285 1698 lovel
307 1656 379 1715 eos,
406 1658 426 1700 a
453 1636 571 1724 quibus
601 1638 772 1705 mulctatus
799 1645 998 1730 punitusve²
1017 1645 1129 1729 fuerit,
1158 1645 1256 1732 quive
1275 1645 1310 1709 in
1329 1640 1457 1707 mulctis
1478 1663 1518 1707 ac
1539 1643 1654 1730 poeuis

234 1733 413 1823 statuendis
439 1746 471 1801 et
498 1738 668 1824 exigendis
698 1741 865 1808 consilium
892 1753 924 1809 et
950 1767 1084 1832 operam
1104 1744 1262 1810 dederint
1304 1741 1369 1823 Qui
1387 1741 1515 1824 fecerit,
1545 1740 1588 1808 ab
1616 1764 1655 1807 eo

233 1843 360 1898 centum
380 1834 488 1899 florini
510 1839 692 1923 exigantur,
714 1862 850 1926 quorum
873 1838 1041 1909 dimidium
1061 1845 1266 1911 universitati
1280 1851 1414 1908 nostrae
1428 1861 1468 1905 ac
1481 1839 1655 1907 dimidium

234 1932 264 1996 ei
285 1932 337 1997 vel
359 1935 417 2016 eis,
439 1937 715 2025 quosimpedierit
737 1950 769 2005 et
790 1941 907 2028 quibus
919 1942 1082 2027 molestus,
1103 1946 1149 2009 ita
1170 1953 1207 2008 ut
1227 1943 1348 2008 dictum
1369 1949 1428 2022 est,
1448 1940 1558 2024 fixerit,
1579 1962 1654 2028 per·

232 2030 385 2099 solvatur.
430 2034 510 2120 Ipsa
538 2046 644 2104 autem
671 2041 865 2107 universitas
881 2042 1087 2109 'scholastica
1112 2043 1209 2110 debet
1230 2043 1316 2108 omni
1336 2038 1402 2105 fide
1422 2061 1462 2104 ac
1483 2039 1655 2127 diligentia

194 2139 355 2219 resperas
376 2143 408 2198 et
427 2135 584 2222 praesidii
606 2139 656 2202 sui
677 2138 833 2206 adiuvare
859 2164 985 2225 omnes,
1010 2145 1065 2228 qui
1092 2165 1152 2231 pro
1174 2141 1280 2207 officio
1302 2161 1359 2206 suo
1379 2137 1501 2206 deficta
1520 2139 1656 2227 punient

233 2241 265 2296 ct
285 2254 407 2318 poenas
429 2236 568 2321 exigent
611 2237 708 2319 Quod
729 2240 757 2304 si
778 2239 921 2323 accidat,
949 2254 985 2306 ut
1014 2240 1128 2308 horum
1149 2264 1232 2306 unus
1253 2251 1310 2325 aut
1330 2238 1441 2326 plures
1461 2259 1589 2326 poenae
1608 2238 1655 2303 in·

232 2330 340 2396 flictae
364 2343 421 2398 aut
448 2343 585 2400 exactae
611 2339 754 2420 nomine,
783 2341 853 2404 sive
880 2339 1018 2406 durante
1042 2338 1112 2406 sive
1140 2341 1231 2407 finito
1256 2340 1469 2427 magistratus
1494 2347 1655 2427 tempore,

233 2432 429 2518 impetantur
452 2444 510 2500 aut
529 2457 718 2524 quacunque
736 2439 862 2505 ratione
883 2441 996 2505 aevia
1017 2440 1231 2524 offendantur,
1252 2439 1447 2505 universitas
1467 2447 1582 2503 nostra
1594 2458 1656 2513 ,eos

231 2532 356 2597 fortiter
385 2532 558 2601 defendere
594 2546 626 2602 et
657 2524 889 2624 impetentibus
915 2549 947 2604 et
976 2539 1211 2607 offendentibus
1239 2561 1274 2605 se
1301 2559 1482 2626 opponere,
1516 2534 1656 2625 denique

195 2640 350 2697 womnes
381 2635 592 2800 acdsibpgulos
620 2636 681 2702 hoc
712 2639 842 2704 nomine
867 2648 954 2704 tutos
981 2648 1012 2704 et
1037 2639 1187 2706 omnibus
1213 2636 1458 2706 difficultatibus
1480 2635 1657 2703 extricatus

232 2741 401 2817 praestare
443 2756 461 2798 e
485 2743 525 2800 et.

809 2857 978 2909 statutum
995 2859 1078 2909 XXV.
1235 2923 1243 2942 κ

532 2971 579 3019 ΒΕ
601 2971 783 3021 susPuc‘rls
804 2974 850 3021 ΕΤ
872 2972 919 3021 DE
941 2973 1165 3023 PUBGATIONE
1184 2971 1351 3023 muoauu.

316 3082 545 3173 Unusquilibet
565 3085 691 3153 delatus
713 3086 755 3152 ad
775 3098 950 3172 rectorem,
981 3090 1200 3179 cuiuscunque
1221 3088 1330 3155 delieti
1350 3087 1495 3170 nomine,
1524 3085 1655 3152 indiciis

191 3191 223 3246 25
235 3183 332 3248 certis
351 3186 625 3271 concurrentibus,
652 3187 749 3254 debet
770 3208 806 3253 se
825 3189 969 3274 legitime
990 3212 1142 3277 purgare.
1179 3187 1276 3270 Quod
1296 3190 1325 3255 si
1345 3209 1411 3253 non
1432 3185 1555 3269 fecerit,
1576 3194 1656 3252 tam

235 3305 333 3369 quam
353 3282 440 3351 illius
462 3287 627 3351 convictus
650 3289 812 3373 puniatur.
852 3288 961 3354 Debet
981 3291 1078 3355 etiam
1100 3290 1273 3377 complices
1293 3286 1413 3369 delicti,
1433 3307 1571 3372 quorum
1583 3307 1657 3351 con·

236 3384 321 3447 scius
349 3393 413 3467 est,
443 3386 588 3471 exigenti
616 3389 735 3453 rectori
763 3387 926 3471 indicare,
957 3387 1055 3476 idque
1081 3398 1188 3454 rector
1217 3388 1278 3455 sub
1304 3389 1477 3453 iuramenti
1501 3385 1659 3472 religione

233 3482 397 3568 inquirere
418 3493 532 3571 potest

800 3623 969 3673 statutum
988 3624 1085 3675 XXVI.

190 3725 224 3782 30
564 3736 611 3783 nu
640 3738 764 3787 ronnrs
790 3706 834 3786 m*
849 3739 1016 3788 srs‘rums
1037 3739 1110 3788 nor
1129 3737 1323 3787 axraassrs.

315 3850 433 3916 Rector
464 3874 530 3917 una
558 3874 629 3917 cum
662 3854 881 3919 assessoribus
902 3878 962 3942 pro
984 3854 1120 3920 arbitrio
1140 3877 1198 3919 suo
1221 3876 1331 3919 omnes
1354 3851 1577 3938 delinquentes
1600 3873 1657 3939 pu·

231 3951 302 4014 nire
331 3959 438 4036 potest
463 3953 496 4016 in
523 3952 564 4016 iis
590 3952 732 4034 delictis,
766 3976 902 4040 quorum
937 3977 1042 4041 poena
1074 3955 1108 4018 in
1138 3954 1268 4018 statutis
1299 3952 1387 4019 nulla
1413 3960 1463 4018 est
1490 3971 1658 4038 expressa

235 4048 360 4130 Quodsi
381 4072 441 4137 pro
460 4073 512 4134 re,
534 4074 689 4138 persona,
710 4051 791 4135 loco,
811 4063 956 4140 tempore
977 4063 1009 4118 et
1030 4055 1240 4139 quacunque³
1260 4053 1346 4118 iusta
1367 4051 1408 4116 de
1430 4073 1531 4117 causa
1552 4071 1659 4137 poena

232 4150 407 4215 constituta
428 4153 535 4238 impar
558 4173 629 4216 esse
648 4152 765 4218 delicto
787 4154 859 4218 visa
881 4154 993 4236 fuerit,
1013 4153 1090 4219 licet
1111 4151 1151 4217 de
1173 4154 1332 4218 sententia
1353 4150 1494 4238 plurium
1515 4152 1658 4216 assesso-

191 4259 306 4315 35rum
328 4251 448 4315 rectori
468 4249 558 4315 illam
579 4273 699 4337 augere
723 4262 754 4318 et
774 4253 858 4318 sonti
878 4254 1077 4339 graviorem,
1098 4253 1240 4317 carceris
1261 4253 1377 4335 etiam,
1399 4252 1576 4338 imponere.

793 4421 965 4472 statutum
983 4422 1092 4474 XXVII.

230 4537 277 4584 Du
291 4521 580 4585 orrorrurrrnrus⁴
593 4537 632 4586 su
644 4538 681 4584 m
692 4537 952 4587 1uu1smc‘r10nc
966 4537 1176 4586 naucerus
1194 4539 1264 4586 nur
1283 4535 1658 4586 Ammvaasromaus.

316 4651 507 4736 Quicunque
528 4654 647 4718 rectori
668 4662 725 4718 aut
746 4652 964 4719 assessoribus
984 4652 1071 4719 illius
1092 4655 1126 4718 in
1147 4653 1369 4719 iurisdictione
1392 4675 1452 4718 sua
1473 4649 1658 4718 exercenda

233 4761 288 4816 aut
310 4751 456 4817 sontibus
481 4774 603 4842 poenas
627 4752 803 4839 infligendo
826 4763 883 4819 aut
904 4752 1035 4818 easdem
1056 4752 1245 4839 exequendo
1271 4774 1342 4819 sese
1363 4752 1563 4840 opposuerit,
1585 4772 1657 4842 per·

194 4851 312 4916 loiurii
333 4851 395 4917 hoc
415 4855 487 4938 ipso
508 4852 595 4918 facto
614 4853 748 4918 crimine
768 4853 939 4918 tenebitur.

308 5074 318 5123 l
341 5067 528 5124 Geschneben
546 5070 582 5123 ist
599 5078 630 5124 ct.
744 5075 759 5125 2
777 5068 964 5127 Geschrieben
981 5068 1055 5125 steht
1068 5069 1183 5139 partitus
1203 5069 1266 5122 iam.

302 5159 318 5210 3
337 5152 524 5209 Geacbrieben
544 5153 579 5208 ist
594 5173 614 5208 a
630 5172 788 5225 quaeroque
931 5157 949 5208 4
968 5151 1155 5210 (leschrieben
1172 5153 1209 5208 ist
1224 5152 1452 5223 componentibus.
