3756 6158
321 484 382 545 228
890 477 945 527 Das
963 477 1051 528 lrlaine
1071 477 1174 542 colleg.

214 560 243 615 1¹
1068 596 1072 601 .

317 672 403 725 stare
425 660 591 725 dictamini
616 662 749 726 maioris
772 670 804 724 ct
832 659 969 734 sanioris
991 659 1095 745 partis
1123 658 1260 744 collegii,
1290 658 1349 724 sub
1372 682 1477 746 poena
1499 661 1598 724 unius
1621 659 1741 743 floreni,

317 763 344 823 si
367 783 465 825 causa
487 761 578 846 prius
600 782 659 845 pcr
682 759 902 847 praepositum
925 756 1035 822 decisa
1055 767 1087 821 et
1107 758 1304 824 concordata
1326 781 1389 824 non
1411 760 1516 824 fuerit

396 1075 445 1138 28.
470 1071 529 1159 [Bl.
552 1072 603 1160 4³]
631 1074 726 1139 Anno
749 1074 871 1138 domini
892 1073 1062 1138 millesimo
1084 1072 1402 1159 quadringentesimo
1425 1078 1464 1141 38
1485 1071 1680 1138 conclusum·
1697 1083 1743 1136 est

315 1170 524 1257 collegialiter
545 1196 603 1259 per
625 1195 735 1237 omnes
758 1175 932 1258 magistros
954 1172 1125 1258 collegium
1154 1172 1369 1258 personaliter.
1395 1181 1684 1259 repraesentantes
1703 1207 1743 1216 -

273 1279 289 1332 5
317 1291 359 1332 ex
373 1293 435 1356 quo
450 1273 542 1336 iuxta
559 1271 1005 1358 ordinacionemprincipum
1028 1270 1154 1337 duobus
1176 1273 1350 1358 magistris,
1372 1270 1484 1337 ultimo
1507 1293 1547 1336 ac
1568 1272 1743 1335 novissime

314 1368 510 1435 intrantibus
533 1369 712 1459 cdlegium,
741 1372 775 1435 in
804 1373 870 1435 suis
893 1394 957 1435 nou
985 1381 1034 1434 est
1063 1369 1244 1436 redditibus
1274 1373 1442 1458 provisum
1450 1373 1468 1454 ¹,
1499 1369 1542 1444 ad
1571 1369 1742 1435 utilitatem

316 1489 437 1551 eorum,
459 1470 652 1556 praesertim
673 1471 820 1556 ipsorum
841 1492 901 1534 nec
923 1492 988 1534 non
1008 1467 1135 1554 collegii
1154 1470 1294 1535 honores
1314 1507 1356 1517 -
1376 1469 1463 1558 quod
1483 1469 1572 1535 idem
1595 1470 1741 1556 magistri

250 1627 253 1631 .
315 1567 448 1632 bursam
470 1568 596 1655 collegii
625 1567 768 1634 ciusdem
795 1578 913 1654 regant
931 1569 1065 1633 honeste
1087 1579 1119 1633 et
1139 1568 1300 1652 decenter,
1331 1568 1391 1634 sub
1420 1569 1512 1635 lucro
1540 1577 1574 1635 et
1603 1568 1743 1656 dampno

315 1666 508 1732 eorundem²
544 1676 576 1732 et
609 1667 811 1753 singulorum
850 1668 1079 1754 magistrorum
1111 1668 1282 1754 collegium
1313 1670 1638 1756 repraesentancium
1677 1670 1744 1733 sine

275 1776 307 1830 10
315 1766 431 1832 fraude
452 1776 484 1832 et
505 1766 579 1834 dolo
599 1767 780 1850 locandam,
803 1766 906 1834 donec
927 1767 1097 1854 collegium
1121 1767 1214 1833 aliter
1236 1768 1429 1856 providebit.

918 1955 1123 1964 -ψ-

397 2089 446 2150 29.
467 2082 563 2148 Anno
579 2083 701 2149 domini
720 2083 890 2150 millesimo
905 2082 1224 2171 quadringentesimo
1238 2083 1500 2171 quadragesimo,
1521 2085 1606 2151 feria
1629 2108 1739 2150 secun·

315 2182 358 2246 da
384 2192 459 2247 ante
480 2183 547 2247 Viti
575 2179 672 2264 (14441
694 2190 722 2247 d.
747 2190 794 2251 13.
815 2189 915 2265 June),
944 2182 1155 2270 collegialiter
1174 2182 1361 2249 conclusum
1382 2179 1446 2249 est:
1486 2206 1528 2249 ex
1558 2206 1623 2272 quo
1649 2206 1740 2271 pecu-

314 2283 379 2365 nia,
399 2304 460 2368 pro
483 2281 619 2369 collegio
641 2305 701 2369 pro
722 2306 783 2347 uno
806 2282 976 2368 collegiato
997 2292 1074 2346 tunc
1095 2281 1260 2369 deputata,
1281 2305 1350 2369 pro·
1363 2271 1427 2348 uno
1447 2281 1574 2349 medico
1595 2306 1618 2348 a
1639 2283 1737 2349 domi·

315 2382 366 2445 nis
388 2389 565 2464 reservata,
593 2385 649 2469 qui
676 2404 736 2468 pro
759 2381 872 2448 eodem
894 2382 941 2447 et³
967 2383 1058 2468 prius
1080 2403 1145 2447 non
1171 2395 1242 2447 erat
1270 2380 1400 2464 electus,
1426 2381 1469 2447 ad
1497 2382 1616 2448 manus
1642 2384 1739 2469 magi·

275 2491 306 2545 15
320 2492 459 2546 atrorum
492 2482 655 2566 pervenit,
687 2480 809 2568 placet,
839 2480 926 2568 quod
959 2480 1073 2545 eadem
1103 2482 1242 2568 pecunia
1272 2481 1315 2546 ad
1346 2481 1586 2568 prohibendum
1617 2482 1738 2547 ruinam

317 2580 444 2665 collegii
476 2590 508 2645 et
536 2581 570 2645 in
601 2603 672 2645 esse
700 2581 959 2646 conservandum
988 2603 1048 2668 pro
1076 2581 1302 2667 praesentibus
1331 2591 1364 2647 et
1389 2581 1506 2647 futuris
1535 2583 1571 2646 in
1599 2579 1738 2646 musdem

319 2678 492 2744 utilitatem
514 2691 732 2761 convertatur,
755 2689 787 2744 et
808 2681 836 2744 si
859 2679 973 2745 eadem
994 2681 1134 2767 repetita
1159 2702 1179 2744 a
1201 2679 1337 2766 collegio
1357 2680 1463 2762 buerit,
1485 2679 1575 2768 quod
1595 2681 1736 2768 megisti

317 2802 376 2865 pro
398 2788 555 2865 tempore,
578 2803 640 2867 quo
662 2781 803 2866 repetita
823 2781 929 2862 fuerit,
952 2779 1121 2865 collegium
1142 2788 1423 2866 repraesentantes
1444 2779 1696 2866 respondebunt

401 2884 449 2946 30.
469 2879 552 2942 Item
566 2877 701 2966 quilibet
720 2882 962 2966 magistrorum,
985 2879 1054 2942 sive
1075 2900 1230 2965 praesens
1251 2880 1321 2944 sive
1341 2878 1469 2962 absens,
1490 2880 1631 2965 singulis
1651 2881 1735 2945 annis

275 2978 411 3044 aodabit
431 2980 617 3064 praeposito
637 2978 709 3064 ipso
732 2977 785 3042 die
807 2979 912 3042 sancti
934 2976 1022 3042 Galli
1050 2985 1093 3053 (d.
1118 2983 1162 3044 16.
1185 2982 1324 3054 October)
1350 2984 1387 3044 12
1408 3001 1542 3065 grossos
1563 3001 1625 3066 pro
1647 2979 1734 3066 lignis

318 3076 546 3165 comparandis
575 3075 618 3140 ad
646 3075 904 3158 calefactionem,
926 3099 1062 3162 quorum
1090 3075 1154 3142 duo
1183 3080 1292 3162 grossi
1320 3077 1439 3144 cedant
1467 3077 1658 3146 calefactori
1681 3100 1731 3167 pro

317 3177 438 3259 labore,
458 3176 581 3242 residui
603 3199 663 3264 pro
684 3176 791 3263 lignis.

399 3331 556 3390 Hieraacb
585 3350 690 3389 waren
717 3332 765 3391 ΒΖ
789 3329 829 3391 4¹¹
853 3333 916 3387 aad
940 3332 989 3388 Bl.
1016 3333 1034 3393 5
1064 3331 1125 3388 laer
1148 3330 1308 3406 gettiebea,
1338 3333 1421 3390 donn
1450 3331 1607 3408 begaaaea
1632 3333 1732 3394 Bet·

316 3427 530 3491 Memoranda
551 3426 710 3515 quaedam
731 3435 861 3490 vetusta
883 3423 1011 3510 collegii
1031 3423 1073 3489 ab
1096 3445 1180 3489 anno
1206 3431 1294 3508 1440,
1321 3428 1368 3489 die
1394 3431 1516 3490 aictt
1503 3450 1536 3490 m
1564 3434 1622 3491 das
1642 3431 1730 3491 Stotc

279 3531 453 3602 masbach,
482 3530 646 3589 academ
634 3550 666 3587 m
689 3531 746 3589 den
767 3529 814 3588 dic
836 3528 989 3605 eipeatlicb
1007 3527 1251 3605 pescbicttlidrca
1277 3528 1402 3595 Qucllea
1424 3532 1635 3591 eattcltcadcn
1654 3531 1731 3590 Baad

313 3631 451 3707 peterere.

352 4162 375 4211 2.
396 4160 457 4210 11111
478 4160 671 4211 STATUTEN
690 4160 767 4210 11οΜ
785 4160 902 4210 JAHRE
923 4162 1019 4242 149718,
1038 4162 1104 4210 ΜΙΤ
1122 4151 1307 4211 ΖΠΒᾸΤΖΕΝ
1325 4159 1382 4210 BIS
1401 4160 1611 4213 zuritanae
1629 4161 1690 4214 1537.

700 4273 855 4329 Redaction
872 4275 921 4329 des
937 4272 1046 4329 Iohann
1063 4273 1149 4328 Fabri
1166 4274 1201 4330 dc
1219 4273 1361 4329 Werdsa⁴

398 4409 521 4475 Liber
549 4417 804 4474 statutorum
832 4408 999 4496 collegii
1029 4411 1250 4497 principis,
1279 4432 1320 4474 ex
1348 4410 1577 4476 commissione
1598 4318 1726 4477 domin!

275 4520 389 4576 torum
414 4510 644 4594 magistrorum
671 4507 915 4595 collegiatorum
942 4508 1086 4575 eiusdem
1115 4508 1242 4595 collegii
1271 4532 1331 4596 per
1359 4507 1586 4577 Iohannem
1615 4503 1720 4576 Fabri

395 4744 491 4816 1Vgl.
509 4743 623 4813 oben'l,
640 4741 721 4814 2513.
740 4741 823 4812 asfg
855 4726 1059 4797 lemniaco?

391 4835 407 4885 3
424 4829 533 4883 nsaw
550 4827 606 4881 und
623 4827 704 4882 sollte
722 4824 769 4881 fiir
783 4843 840 4897 pro
853 4827 946 4881 eodem
963 4831 1033 4882 etwa
1050 4842 1085 4880 au
1102 4826 1176 4882 lesen
1194 4826 1254 4882 sein
1267 4844 1325 4898 pro
1343 4827 1436 4899 W
1453 4824 1594 4903 [pmiol
1611 4797 1720 4894 odat?

317 4912 618 5068 wtdepllndotgrtitgffil
642 4992 775 5061 erhnlten,
794 5010 849 5048 von
949 4993 1034 5050 Fabri
1057 4992 1145 5049 selbst
1165 4991 1361 5066 geschriaben·
1385 4994 1443 5066 vgl
1463 4982 1602 5053 Urkundl.
1620 4988 1715 5069 Quale

318 5078 345 5134 S
362 5083 412 5133 tas
429 5078 477 5150 13,
501 5097 542 5134 wo
561 5079 632 5133 auch
652 5078 703 5131 das
719 4992 974 5149 Enlstehurffiahr
990 5078 1080 5134 dieser
1096 5076 1227 5134 Statutcn
1247 5076 1454 5150 nachgewiesen
1477 5079 1524 5137 ist.
1554 5078 1608 5136 Dis
1622 5056 1714 5134 aaut

320 5180 390 5234 rung
405 5162 485 5218 riibrt
501 5181 555 5219 von
572 5162 624 5217 mir
640 5161 697 5217 her.
