3756 6158
709 507 763 558 Des
782 509 917 559 Iohannes
935 510 1012 560 Fabri
1037 511 1071 560 ds
1090 510 1204 560 Werdea

473 696 541 757 too.
572 707 640 756 ruo
664 707 832 759 sissimo
854 708 1116 757 conversorum
1136 706 1360 756 rsunseosu.

329 823 410 889 Cum
441 824 661 889 mercenarius
687 825 780 890 iuxta
807 824 988 911 evangelici
1018 825 1175 889 sermonis
1196 820 1362 887 oraculum
1385 822 1503 909 diguus
1524 827 1569 891 sit
1588 848 1671 891 mer·

245 922 341 1005 cede,
364 932 396 987 et
417 924 461 1005 is,
484 924 538 1008 qui
560 921 728 988 laboribus
752 921 837 1012 [ὅθι]
860 923 1057 989 deservitam
1078 921 1261 987 mercedem
1284 920 1454 989 detentans
1474 946 1542 989 non
1564 922 1670 1008 solvit,

244 1025 277 1088 in
309 1043 411 1109 genus
446 1023 643 1109 peccaminis
674 1024 879 1109 gravissimi,
912 1020 999 1112 quod
1031 1021 1084 1086 die
1114 1030 1275 1108 noctuque
1307 1021 1351 1086 ad
1384 1044 1545 1088 summum
1576 1021 1672 1089 deum

218 1126 358 1209 tlprout
379 1143 492 1186 sacrae
513 1130 673 1187 testantur
693 1121 834 1203 litterae)
860 1122 1027 1188 clamitare
1049 1121 1223 1203 asseritur,
1251 1118 1396 1186 incidere
1422 1120 1512 1187 haud
1542 1120 1667 1189 dubite

245 1231 314 1303 tur,
342 1220 488 1308 ideoque,
509 1243 551 1285 ne
572 1220 672 1309 aliqui
696 1221 907 1307 scholarium,
935 1242 1090 1308 praesens
1112 1219 1353 1307 paedagogium
1375 1221 1619 1289 immerentium
1639 1232 1672 1288 et

245 1321 288 1386 ad
314 1322 387 1385 iura
412 1318 590 1385 bursalium
617 1320 698 1385 inibi
727 1324 854 1386 ratione
877 1321 1016 1387 stantiae
1037 1320 1263 1402 astrictorum,
1295 1319 1436 1407 praefati
1456 1320 1605 1387 criminis
1624 1323 1672 1388 rei

245 1418 505 1505 comprobentur,
526 1441 567 1483 ne
588 1418 728 1507 denique
748 1418 805 1503 hii,
828 1421 884 1505 qui
905 1417 1074 1485 laboribus
1095 1417 1297 1485 scholasticis
1319 1417 1502 1493 mercedem
1525 1418 1671 1508 aliquam

245 1529 446 1601 meruerunt,
470 1518 533 1583 hac
558 1519 632 1605 ipsa
658 1527 773 1585 contra
798 1520 934 1584 rationis
962 1527 993 1583 et
1013 1516 1193 1583 industriae
1215 1517 1378 1583 dictamen
1398 1516 1451 1583 vel
1474 1518 1672 1585 frustrentur

207 1617 298 1682 lovel
331 1617 453 1683 diutius
484 1638 581 1704 quam
613 1640 753 1706 aequum
778 1619 822 1683 sit
853 1640 966 1684 carere
993 1627 1165 1704 cogantur,
1197 1615 1333 1682 mandat
1353 1617 1402 1684 .N.
1425 1618 1548 1683 artium
1569 1618 1671 1705 magi·

244 1726 310 1781 ster
331 1727 393 1782 etc.
412 1727 519 1783 rector
540 1716 690 1782 omnibus
712 1726 746 1781 et
767 1716 903 1804 singulis
926 1717 1121 1805 suppositis,
1155 1739 1312 1809 praesens
1338 1714 1584 1804 paedagogium
1612 1718 1670 1783 im-

244 1814 447 1881 morantibus
475 1826 507 1881 et
536 1814 679 1881 adime
705 1815 985 1881 bursalium-inibi
1007 1816 1133 1881 ratione
1155 1817 1295 1880 stantiae
1316 1816 1478 1898 asmictis,
1511 1826 1673 1903 quatenus

244 1914 384 1980 dominis
406 1914 655 1981 concentoribus
678 1914 823 1981 eiusdem
845 1914 1043 2002 paedagogii
1065 1938 1124 2001 pro
1146 1913 1279 1980 sallario
1301 1936 1375 1997 suo,
1398 1912 1605 1980 scholasticis
1624 1913 1672 1981 la·

243 2012 378 2079 boribus
401 2013 575 2097 deservito,
594 2016 681 2080 inira
702 2026 768 2080 tres
784 2014 865 2098 dies,
887 2037 908 2079 a
924 2014 1009 2079 datis
1030 2013 1258 2101 praesentibus
1270 2011 1517 2100 computandos,
1538 2012 1672 2080 realiter

206 2124 236 2177 15
248 2123 279 2178 et
300 2134 372 2178 cum
395 2114 510 2179 ellectu
531 2114 742 2180 satisfaciant
785 2114 853 2180 Sub
876 2135 983 2201 poena
1007 2123 1144 2200 quatuor
1162 2134 1352 2199 grossorum
1372 2122 1432 2178 etc.
1464 2113 1591 2181 Datum
1612 2122 1673 2180 etc.

328 2354 394 2414 107.
427 2364 530 2413 coris
549 2362 775 2412 urrransauu
795 2362 1109 2413 rnouoromamnu
1131 2362 1295 2412 senuero
1317 2362 1594 2430 uurvsssmarrs,

508 2463 668 2513 saucruu
687 2462 844 2512 neonus
863 2462 1022 2511 vrsrranr
1042 2461 1213 2529 vonnurr,
1235 2462 1413 2511 nausson.

328 2579 500 2645 Universis
527 2588 560 2643 et
585 2578 722 2664 singilis
752 2587 884 2643 sanctae
904 2578 1018 2642 matris
1040 2577 1197 2643 ccclesiae
1215 2576 1305 2661 filiis,
1334 2587 1524 2665 praesentes
1546 2577 1673 2645 litteras

245 2681 387 2762 lecturis,
410 2679 529 2743 visuris
551 2678 604 2744 vel
631 2677 808 2760 audituris,
836 2699 895 2741 nos
917 2676 964 2741 .N.
986 2687 1044 2742 etc.
1067 2687 1174 2743 rector
1194 2687 1327 2766 totaque
1347 2674 1434 2764 [51⁸]
1457 2677 1672 2743 communitas

204 2790 238 2845 20
247 2781 475 2864 magistrorum
507 2779 542 2841 in
574 2776 663 2842 dicta
693 2776 905 2840 universitate
935 2785 1010 2840 actu
1038 2778 1219 2862 regentium
1244 2774 1380 2841 salutem
1402 2787 1435 2842 et
1454 2776 1618 2843 sinceram
1638 2776 1672 2841 in

246 2879 377 2943 domiuo
405 2875 605 2942 charitatem.
648 2875 729 2942 Cum
761 2877 846 2940 inter
872 2877 1000 2939 viarum
1028 2874 1217 2940 discrimina
1238 2875 1480 2941 ambulantibus
1502 2897 1561 2940 seu
1582 2897 1672 2962 pere

246 2975 451 3064 grinantibus
474 2997 705 3062 saepenumero
728 2975 812 3039 varii
834 2974 986 3040 accidant
1008 2996 1119 3057 casus,
1152 2985 1188 3040 ut
1215 2977 1312 3040 etiam
1335 2974 1413 3041 boui
1435 2976 1597 3063 propositi
1618 2973 1673 3041 ho·

245 3078 349 3142 mines
380 3076 415 3139 in
434 3076 551 3139 itinere
573 3074 846 3161 peregrinationis
869 3095 948 3138 snae
970 3074 1135 3140 constituti
1156 3096 1176 3138 a
1195 3073 1362 3139 vilissimis
1384 3072 1548 3139 interdum
1572 3074 1672 3148 homi-

246 3176 358 3257 nibus,
382 3174 468 3262 quod
489 3174 634 3260 graviter
657 3173 825 3238 ferendum
848 3182 913 3255 est,
940 3171 1078 3255 damna,
1104 3173 1256 3256 iniurias,
1289 3172 1523 3260 impedimenta
1544 3183 1578 3238 et
1598 3195 1671 3238 con·

205 3274 395 3341 25tumelias
429 3275 498 3339 sine
529 3295 630 3338 cansa
659 3272 712 3337 vel
741 3271 905 3337 demeritis
925 3272 1091 3359 perferant
1113 3281 1145 3337 et
1165 3273 1310 3358 perferre
1331 3284 1504 3359 cogantur,
1538 3283 1575 3339 ut
1596 3295 1673 3361 ergo

245 3398 320 3458 nos,
347 3375 539 3462 inquantum
560 3371 656 3438 nobis
677 3373 805 3437 ratione
826 3371 926 3437 officii
945 3372 1049 3436 nostri
1067 3370 1240 3454 incumbit,
1267 3373 1302 3436 in
1322 3372 1384 3437 hac
1405 3382 1500 3459 parte
1521 3393 1673 3459 praeseu-

246 3477 326 3540 tium
348 3473 484 3539 latorem
507 3472 566 3554 .N.,
588 3469 697 3536 diotae
716 3482 848 3536 nostrae
869 3471 1092 3537 universitatis
1116 3468 1276 3536 bedellum
1298 3480 1330 3535 et
1350 3470 1506 3537 famulum
1520 3472 1671 3554 iuramm,

247 3575 494 3640 conversatione
521 3571 691 3637 honestum
712 3571 863 3656 famaque
884 3569 1190 3652 commendabilem,
1222 3570 1277 3657 qui
1303 3578 1416 3635 votum
1445 3592 1555 3653 suum,
1589 3571 1672 3660 quod

248 3672 288 3738 de
308 3671 472 3737 visitando
494 3680 605 3735 sancto
629 3668 682 3735 dci
704 3669 851 3756 apostolo
872 3669 993 3736 Iacobo
1013 3671 1048 3734 in
1069 3668 1290 3757 Oompostella
1311 3668 1489 3755 quondam,
1523 3679 1562 3734 ut
1587 3692 1670 3737 asse

205 3782 239 3838 30
248 3773 324 3855 ruit,
344 3771 476 3854 fecerat,
492 3768 672 3856 adimplere
693 3791 733 3834 ac
754 3768 941 3856 persolvere
962 3770 1107 3856 cupiens,
1124 3771 1186 3835 iter
1205 3770 1273 3833 iam
1295 3769 1441 3855 arripere
1460 3767 1611 3853 intendit,
1632 3768 1670 3835 ab

247 3873 333 3937 omni
347 3872 476 3954 iniuria,
488 3868 721 3956 inquietatione
733 3879 766 3934 et
776 3867 998 3934 molestatione
1010 3866 1221 3933 defendamus
1233 3866 1537 3957 defendendumque
1548 3866 1591 3935 ab
1602 3867 1670 3951 hiis,

247 3968 289 4036 ad
304 3993 386 4057 quos
401 3968 579 4050 diverterit,
600 3989 857 4053 promoveamus,
880 3990 952 4032 eum
972 3968 1080 4055 ipsum
1095 3969 1182 4034 omni
1203 3990 1266 4055 quo
1283 3989 1455 4054 possumus
1476 3988 1671 4039 recommen-

248 4069 363 4135 damus
380 4069 506 4149 affectu,
527 4069 561 4131 in
575 4065 706 4132 domino
722 4069 924 4154 requirentes
941 4089 981 4132 ac
996 4068 1165 4133 sinceriter
1177 4077 1331 4153 rogantes
1345 4088 1456 4131 omnes
1471 4074 1504 4131 et
1518 4064 1671 4154 singulos,

249 4169 291 4234 ad
305 4191 387 4257 quos
409 4166 547 4232 eundem
571 4166 619 4229 .N.
643 4160 729 4231 casu
741 4166 793 4231 vel
816 4168 986 4254 proposito
1008 4165 1161 4231 devenire
1184 4166 1365 4252 contigerit,
1388 4175 1549 4253 quatenus
1571 4164 1672 4233 eidem

205 4268 522 4348 &benevolentiam
552 4265 707 4330 auxilium
718 4315 726 4348 ,
757 4267 1011 4352 promotionem,
1033 4261 1117 4351 [falb]
1140 4265 1286 4329 favorem
1306 4274 1338 4329 et
1359 4265 1597 4351 protectionem
1617 4266 1672 4331 im·

247 4368 393 4456 pendant
425 4376 481 4431 aut
509 4362 664 4451 impendi·
690 4374 881 4451 procurent,
911 4385 1038 4429 necnon
1058 4363 1266 4428 elemosinam
1287 4387 1347 4451 pro
1369 4365 1458 4428 vitae
1479 4366 1672 4431 necessariis

246 4465 420 4547 habendis,
444 4465 526 4529 siin
548 4461 609 4527 hoc
631 4464 903 4548 peregrinationis
928 4484 1005 4528 suae
1027 4463 1143 4527 itinere
1165 4464 1300 4548 eguerit,
1322 4463 1429 4527 dictae
1450 4473 1584 4529 nostrae
1606 4466 1672 4530 uni·

246 4565 412 4629 versitatis
441 4565 560 4627 intuitu
592 4561 725 4649 elargiri
760 4563 953 4649 dignentur,
986 4583 1051 4626 non
1081 4562 1306 4648 permittentes
1332 4562 1439 4649 ipsum
1468 4564 1505 4628 iu
1524 4586 1672 4652 persona,

247 4663 346 4728 rebus
368 4684 425 4727 seu
446 4661 614 4748 proposito
638 4683 695 4726 suo
718 4672 830 4727 sancto
854 4659 1088 4747 quovismodo
1111 4659 1329 4744 damnificari,
1359 4663 1553 4749 inquietari,
1575 4664 1672 4753 impo-

206 4761 314 4828 todiri
346 4759 397 4826 vel
429 4760 612 4842 molestari,
645 4762 828 4847 praemium
848 4783 909 4848 pro
930 4760 993 4825 hiis
1014 4759 1056 4825 ab
1079 4760 1237 4826 altissimo
1259 4760 1437 4849 recepturi,
1472 4762 1531 4851 qui
1552 4760 1673 4829 nullum

247 4860 367 4925 bonum
399 4861 669 4925 irremuneratum
701 4859 885 4947 nullumque
914 4858 1035 4923 malum
1065 4861 1260 4947 impunitum
1288 4858 1419 4924 dimittit
1447 4872 1480 4926 et
1502 4860 1672 4927 beneficio·

248 4981 320 5022 rum
344 4959 412 5023 suis
430 4960 654 5045 impensorum
675 4958 878 5044 largissimus
899 4957 1076 5023 retributor
1097 4960 1224 5041 existit,
1255 4957 1437 5044 obligantes
1459 4960 1598 5047 insuper
1618 4982 1673 5026 nos

249 5078 288 5121 ac
310 5054 431 5121 dictam
452 5065 597 5121 nostram
620 5058 864 5122 universitatem
886 5055 929 5122 ad
950 5057 1146 5140 consimilia,
1181 5058 1279 5122 immo
1315 5058 1441 5123 maiora
1473 5058 1672 5146 complacen-

249 5157 370 5220 tiarum
391 5177 521 5241 genera.
564 5156 603 5220 In
623 5177 761 5241 quorum
782 5158 924 5222 omnium
945 5166 977 5222 et
999 5156 1201 5244 singsdorum
1223 5167 1283 5222 eto.
