3810 6150
692 491 743 541 Die
759 490 861 542 statuta
879 491 1003 554 legibilis.

232 675 387 734 Hieraacli
409 676 525 753 beqiaat
543 677 652 735 wieder
675 678 721 734 die
743 685 819 734 erate
840 678 950 734 Hand:

143 835 204 922 [Bl.
226 834 298 922 35⁸]
322 836 575 924 Subscripta
597 837 775 922 legenda
796 847 888 900 sunt
907 835 1105 901 admissis
1127 835 1176 900 ad
1198 833 1373 921 aliquem
1395 836 1561 920 gradum

401 938 441 1000 in
464 936 631 1002 artibus
651 960 741 1000 mox
762 946 851 1022 post
871 958 1008 1000 eorum
1029 935 1337 999 admissionem.

304 1109 349 1166 14.
371 1119 544 1179 SEQUITUR
563 1119 791 1167 IURAMENTUM
812 1119 858 1165 DE
881 1119 1093 1166 OBEDIENTIA
1112 1119 1157 1165 ΕΤ
1180 1115 1404 1164 REVERENCIA.

718 1233 776 1299 vgl.
796 1238 941 1300 Hauptstat.
961 1238 985 1288 6.
1586 1245 1602 1298 5

225 1350 318 1436 „Ego
339 1350 387 1414 Ν.
408 1352 478 1415 iuro
498 1350 592 1416 vobis
614 1350 735 1415 decano
758 1360 789 1415 et
803 1352 920 1416 vestris
942 1348 1181 1416 successoribus
1203 1350 1420 1412 reverenciam
1435 1357 1467 1412 et
1487 1349 1560 1414 obe·

142 1449 296 1514 dientiam
317 1450 350 1512 in
372 1449 467 1514 licitis
488 1459 520 1513 et
541 1450 693 1529 honestis,
720 1460 751 1513 et
773 1472 903 1513 servare
931 1459 1051 1514 statuta
1080 1459 1111 1512 et
1140 1447 1310 1512 statuenda
1332 1470 1391 1533 pro
1412 1456 1507 1534 posse
1528 1457 1560 1512 et

143 1571 248 1631 nosse,
269 1558 300 1612 et
321 1570 497 1635 procurare
516 1548 634 1613 bonum
654 1547 848 1613 facultatis.“

611 1722 656 1780 15.
680 1732 727 1777 ns
749 1729 942 1779 souncmun
964 1728 1107 1776 sussen.

711 1849 771 1912 vgl.
790 1849 935 1911 Hauptstst.
953 1849 993 1900 50.
1568 1858 1600 1913 10

224 1962 305 2027 Item
326 1961 565 2048 promovendus
587 1963 619 2026 in
642 1960 766 2027 artibus
796 1961 838 2027 ad
868 1961 1006 2048 gradum
1026 1960 1263 2027 baccalariatus
1291 1959 1412 2024 iurabit
1438 1960 1560 2028 decano

142 2061 195 2126 vel
215 2061 409 2126 vicedecano
432 2060 608 2126 secundum
629 2062 764 2125 formam
784 2060 1041 2145 infrascriptam:

225 2159 318 2245 „Ego
332 2158 378 2225 .N.
398 2161 480 2242 iuro,
501 2160 586 2245 quod
605 2159 689 2223 infra
711 2158 905 2244 quindenam
920 2158 1015 2222 velim
1038 2157 1161 2223 solvere
1181 2157 1327 2223 facultati
1348 2183 1447 2224 unum
1468 2160 1559 2226 flore·

143 2284 220 2325 num
240 2262 419 2324 reinensem
440 2259 490 2324 vel
512 2257 718 2343 aequivalens
743 2269 775 2322 et
796 2257 964 2322 dimidium
983 2258 1137 2321 florenmu
1159 2281 1218 2345 pro
1239 2258 1316 2323 fisco
1333 2260 1560 2344 universitatis,

144 2359 197 2443 vel
219 2359 363 2426 obtinere
384 2358 527 2424 eiusdem
547 2357 739 2422 dilationem
760 2358 813 2422 vel
833 2357 1051 2422 dimissionem
1073 2356 1115 2422 ab
1137 2357 1279 2423 cadem.“
1569 2371 1599 2425 15

226 2662 382 2721 Hiernaeli
408 2682 465 2720 oon
487 2664 616 2721 anderes·
636 2664 740 2734 Hand,
769 2664 870 2721 leichet
899 2660 1141 2721 watrscleinlicl
1169 2662 1293 2720 dardos
1314 2665 1430 2722 Iolaus
1451 2664 1559 2721 Swert-

147 2781 247 2833 mana,
268 2764 323 2820 der
345 2762 445 2822 1419α
466 2762 572 2820 Decea
593 2782 667 2834 war,
688 2762 720 2819 iri
740 2762 997 2832 adolendum,
1019 2761 1096 2818 nach
1117 2760 1249 2818 Ausweis
1270 2762 1324 2820 der
1339 2762 1485 2820 Matrikel
1503 2782 1559 2821 von

148 2859 246 2924 1449¹³
273 2879 322 2931 aa,
351 2861 405 2918 der
432 2861 617 2938 oorlieyende
639 2862 797 2920 Beselluss
824 2864 939 2936 qesaaet
968 2860 1062 2928 ward,
1091 2861 1148 2935 aql.
1170 2859 1200 2920 S.
1223 2861 1348 2930 311131
1375 2882 1403 2920 a.
1424 2863 1508 2919 Anm.
1531 2863 1558 2923 2.

147 2958 323 3039 (Hiernocl
337 2960 417 3034 seillt
440 2960 504 3018 also
526 2960 573 3017 die
594 2960 816 3034 Niedereclirist
836 2960 890 3035 der
910 2958 1032 3016 Statuta
1053 2958 1181 3034 leyibilia
1198 2969 1258 3016 'vor
1282 2959 1417 3049 1419“);

718 3124 777 3186 Vgl.
796 3125 941 3187 Hauptstat.
959 3123 1000 3173 87.
1570 3133 1604 3188 20

232 3245 279 3307 16.
300 3239 381 3303 Item
398 3239 479 3321 iuro,
501 3237 596 3324 quod,
617 3235 841 3301 nonobstante
862 3257 1051 3324 quacunque
1072 3236 1305 3325 commissione,
1328 3239 1396 3301 sive
1417 3236 1561 3321 generali

146 3343 216 3407 sive
239 3337 382 3424 speciali,
403 3336 478 3400 volo
491 3336 610 3421 eligere
631 3336 822 3421 magistrum
843 3343 916 3399 actu
935 3344 1098 3420 regentem
1119 3332 1159 3397 de
1180 3356 1252 3399 mea
1274 3337 1407 3422 propria
1428 3339 1562 3402 nacione

146 3451 179 3504 et
199 3461 264 3503 non
287 3436 388 3501 altera
409 3437 442 3499 in
464 3437 709 3521 promotorem.¹
1255 3455 1257 3458 ’
1450 3441 1453 3447 ’

691 3637 1022 3649 w

231 3810 325 3868 Dens
347 3807 463 3884 beqinnt
483 3808 593 3866 wieder
614 3806 660 3864 die
681 3815 759 3864 erate
776 3807 873 3867 Hand
879 3828 888 3863 :

264 3976 311 4037 17.
334 3968 580 4055 Subscripta
600 3968 687 4055 legi
709 3968 857 4034 debent
875 3978 1064 4056 tempore
1089 3973 1454 4057 praesentationis.
1570 3984 1603 4040 25

727 4122 788 4184 Vgl.
809 4123 954 4186 Hauptstat.
970 4121 1011 4174 51.

230 4238 312 4304 Item
339 4234 610 4301 baccalariandus
638 4247 783 4322 tempore
811 4239 1084 4322 praesentacionis
1112 4237 1233 4303 iurabit
1262 4237 1471 4325 infrascripta
1502 4239 1561 4305 sub

149 4340 213 4405 hac
242 4337 363 4402 forma:
403 4332 495 4420 „Ego
524 4333 571 4401 .N.
598 4335 680 4416 iuro,
708 4333 794 4420 quod
822 4345 968 4423 tempore
998 4336 1278 4401 determinacionis
1304 4359 1395 4401 meae
1421 4339 1565 4402 nuncciis

147 4436 368 4503 universitatis
396 4432 439 4497 ad
460 4434 565 4497 minus
587 4433 672 4497 dabo
694 4443 1000 4527 quatuorstgrossos3
1029 4437 1106 4500 item
1132 4435 1217 4521 quod
1245 4437 1341 4500 istum
1370 4436 1507 4522 gradum
1529 4439 1562 4501 in

147 4535 237 4603 nulla
258 4534 323 4600 alia
343 4534 553 4598 universitate
578 4543 755 4616 resumam
784 4534 861 4599 item
889 4533 976 4625 quod
1001 4537 1035 4599 iu
1061 4538 1126 4600 ista
1147 4537 1357 4599 universitate
1385 4534 1477 4619 stabo
1505 4545 1606 4621 porto

148 4637 230 4702 duos
242 4656 352 4705 ‚annos
372 4630 518 4717 legendo,
547 4630 743 4719 disputando
764 4631 816 4695 vel
842 4632 885 4697 ad
906 4635 1012 4699 minus
1034 4633 1173 4720 aliquem
1194 4635 1421 4719 magistrorum
1444 4636 1478 4698 in
1501 4635 1563 4700 lec-

146 4737 240 4801 cioue
259 4732 313 4798 vel
341 4733 501 4797 exercicio
522 4729 694 4812 audiendo,
722 4731 784 4796 nisi
809 4754 869 4818 per
894 4732 1080 4800 facultatem
1106 4757 1202 4821 super
1228 4733 1290 4797 hoc
1316 4756 1441 4799 mecum
1468 4734 1564 4800 fiierit

148 4835 388 4920 dispensatum
417 4832 493 4895 item
521 4830 608 4918 quod
628 4830 748 4896 bonum
767 4830 863 4896 huius
884 4832 1104 4899 univcrsitatis
1125 4842 1157 4898 et
1177 4831 1337 4898 facultatis
1360 4834 1491 4918 arcium,
1520 4833 1564 4898 ad

234 5070 245 5119 1
267 5065 321 5118 Am
338 5064 447 5120 Raude:
481 5064 547 5118 Nos
566 5062 667 5133 keruer
684 5064 739 5119 iata
756 5063 887 5129 cauata
909 5064 977 5134 qvia
997 5081 1129 5136 mapsam
1149 5072 1188 5119 est
1210 5081 1263 5134 quo
1279 5065 1320 5118 ad
1333 5065 1466 5135 dcem,
1483 5067 1567 5121 acati

148 5149 427 5220 caenomanis
443 5150 579 5204 maana
594 5149 721 5218 mosomi
739 5149 871 5204 Iohannes
885 5147 1057 5219 Korythboeq
1073 5149 1188 5221 (leuet).
1290 5150 1293 5155 ’
