3756 6158
249 491 307 557 198
821 490 876 540 Das
895 502 988 552 grosse
1005 488 1110 552 colleg.

249 684 346 760 patue
367 695 389 737 a
409 671 546 758 collegio
567 672 608 736 sit
628 670 790 737 exclusus.
819 670 856 737 Si
875 694 955 737 vero
976 671 1158 737 convicium
1180 670 1233 736 vel
1256 671 1378 737 crimen
1397 670 1584 756 magistro
1575 692 1675 757 tmpo-

246 782 319 937 ιιι,
330 773 437 937 uintfpp
465 781 533 838 tres
564 769 635 836 dies
666 771 847 837 satisfaciat
877 772 970 837 iuxta
1002 769 1166 838 dictamen
1196 767 1340 856 collegii,
1372 768 1455 836 elias
1487 791 1508 835 a
1541 764 1675 855 mllegio

266 894 332 958 xpe
355 893 377 937 a

496 1042 545 1104 48.
568 1054 615 1102 nu
635 1053 751 1102 rosus
771 1053 984 1104 uurmarrrs
1004 1053 1161 1114 aarouau
1182 1053 1219 1103 m
1240 1051 1425 1101 contusio.

203 1182 220 1235 ⁵
328 1164 389 1256 [Bl.
405 1168 457 1255 9⁸]
481 1171 563 1234 Item
586 1171 768 1259 quicunque
788 1169 929 1257 aliquem
948 1171 983 1236 in
1003 1165 1139 1256 collegio
1159 1166 1369 1251 mutilaverit,
1394 1175 1595 1256 perpetues
1616 1165 1674 1232 ool·

245 1269 331 1354 legio
353 1269 397 1333 sit
417 1267 578 1334 exclusus.
620 1268 657 1335 Si
677 1292 756 1336 vero
778 1270 872 1336 aliter
892 1270 1105 1356 percusserit,
1132 1277 1262 1355 praeter
1282 1267 1405 1334 scilieet
1425 1265 1674 1348 mutilationem,

247 1368 352 1436 donee
372 1369 459 1454 parti
480 1368 590 1434 laesae
612 1379 645 1434 et
665 1369 801 1456 collegio
824 1369 1035 1451 satisfecerit,
1061 1369 1104 1434 sit
1125 1366 1286 1450 exclusus,
1313 1377 1347 1433 et
1367 1364 1561 1454 collegiatus
1582 1363 1676 1431 talem

245 1468 359 1533 fovens
387 1489 447 1534 sua
472 1478 584 1533 careat
610 1471 777 1557 porcione,
803 1469 908 1537 donec
938 1469 986 1534 sic
1015 1468 1205 1555 percuciens
1234 1489 1256 1531 a
1284 1466 1421 1553 collegio
1450 1466 1493 1541 sit
1519 1463 1675 1552 repulsus.

246 1567 290 1632 Et
313 1565 349 1631 id
379 1575 533 1634 statutum
554 1590 627 1636 cum
653 1568 841 1634 immediate
867 1567 1077 1657 praemdenti
1098 1567 1203 1632 eciam
1224 1567 1388 1653 respicere
1408 1563 1508 1633 debet
1529 1562 1675 1632 combur-

207 1675 239 1732 to
248 1663 344 1732 sales.

351 1881 408 1946 VL
436 1879 600 1948 Statuta
621 1884 900 1969 respiciencia
921 1893 1193 1950 conventores
1213 1892 1253 1948 et
1274 1879 1576 1955 combursales.

576 2051 625 2114 49.
646 2064 692 2113 ιιι
713 2066 822 2115 ramo
841 2067 889 2114 ns
911 2067 1011 2116 uooo
1031 2064 1188 2115 nocuum
1206 2030 1345 2112 russas.

329 2177 457 2245 Placuit
474 2176 620 2265 collegio,
648 2180 736 2267 quod
756 2179 906 2248 decatero
926 2180 1017 2247 nulla
1035 2181 1209 2247 bursarum
1231 2175 1360 2265 collegii
1381 2178 1480 2292 alicui
1501 2176 1606 2245 locari
1626 2175 1674 2241 de'

248 2278 370 2344 beat
344 2301 414 2344 siue
434 2277 640 2344 fideiussoris
658 2281 821 2346 caucione.

208 2471 238 2525 15
271 2466 320 2526 50.
340 2477 388 2524 DE
409 2477 581 2527 promoto
601 2476 844 2529 commolere
864 2479 997 2530 ulmo
1019 2480 1237 2531 emroslro
1259 2477 1431 2548 TEMPORE*
1444 2475 1651 2529 ΙιΟΟΑῦῙΟῙιΙΒ

864 2578 1058 2630 emesam

329 2694 411 2759 Item
431 2692 567 2783 quilibet
586 2704 762 2760 conventos
782 2705 930 2782 tempore
951 2696 1180 2761 consensionis
1201 2694 1321 2760 bursae
1342 2703 1471 2758 tenetur
1490 2693 1676 2806 promittere

246 2792 434 2879 praeposito
455 2791 594 2878 collegii,
616 2792 713 2879 quod,
745 2817 772 2859 ιι
763 2794 976 2880 bontingat,
1007 2796 1115 2882 ipsum
1136 2793 1276 2881 aliquem
1296 2814 1468 2858 excessum
1488 2792 1523 2856 in
1545 2786 1676 2877 mllegio

247 2901 446 2977 perpetrare,
468 2891 556 2978 quod
575 2913 672 2979 super
690 2891 746 2958 illo
767 2891 847 2958 velit
867 2896 985 2959 stsre'
975 2917 1010 2959 m
1031 2892 1208 2959 dictamine
1226 2890 1369 2977 collegii,
1397 2901 1430 2956 et
1450 2888 1541 2986 quod
1556 2888 1677 2955 nullum

205 2988 325 3055 sovslit
345 2990 389 3054 ad
410 2989 543 3055 bursam
564 2989 744 3073 admittere,
773 2992 838 3056 nisi
858 2980 949 3082 priris
978 2992 1041 3058 sibi
1065 2991 1266 3079 promiserit,
1294 2989 1391 3077 quod,
1423 2991 1452 3054 si
1474 3011 1550 3055 eum
1570 2997 1678 3055 conns

248 3097 369 3154 statuta
389 3088 517 3175 collegii
538 3087 697 3154 excedere
719 3092 900 3176 contingat,
932 3113 1072 3178 poenam
1092 3091 1128 3154 in
1151 3090 1272 3155 eisdem
1300 3110 1494 3176 expressam
1514 3098 1631 3178 sponte
1649 3098 1678 3153 st

247 3185 429 3253 voluntarie
451 3187 530 3252 velit
556 3186 674 3270 subire,
704 3197 738 3253 et
764 3189 886 3277 quod
877 3211 911 3253 ιιι
939 3188 1012 3255 aliis
1040 3187 1265 3282 excessibus
1256 3212 1290 3252 m
1319 3185 1455 3272 collegio
1484 3187 1677 3277 perpetrabo

247 3288 283 3351 in
304 3285 480 3354 dictamine
501 3286 630 3374 collegii
650 3285 729 3353 velit
752 3297 848 3353 stare.

301 3475 351 3535 51.
374 3487 422 3534 na
442 3487 559 3535 sonus
580 3487 766 3536 mrxsums
788 3486 992 3536 consuerunt
1012 3488 1167 3537 ιιιιιιιιιιι
1190 3487 1286 3549 quau
1307 3486 1375 3534 ras
1395 3485 1540 3534 vsavsrr
1561 3486 1631 3536 aur

208 3578 242 3632 ιι
796 3587 940 3635 ronrsu
960 3586 1136 3676 nostran.

332 3701 414 3767 Item
434 3700 541 3767 nullus
562 3702 662 3767 intret
685 3701 856 3788 collegium
878 3702 931 3768 vel
960 3712 1057 3768 exeat
1078 3700 1210 3768 aliunde
1234 3702 1298 3766 nisi
1320 3722 1380 3787 per
1400 3699 1534 3767 valvam
1554 3698 1677 3785 collegii

248 3799 299 3865 vel
321 3822 380 3886 per
402 3809 529 3887 portam
551 3800 705 3886 eiusdem,
734 3800 794 3867 sub
818 3823 924 3888 poena
945 3801 1140 3873 exclusionis
1163 3824 1184 3867 a
1205 3799 1341 3886 collegio
1363 3797 1416 3863 vel
1436 3800 1542 3864 unius
1556 3798 1676 3880 floreni,

252 3898 462 3964 effectualiter
483 3923 543 3987 pro
562 3909 725 3966 structura
747 3900 877 3987 collegii
898 3899 1118 3967 convertendi.

319 4084 366 4144 52.
389 4098 436 4144 ns
458 4098 573 4147 roura
593 4099 876 4175 mrsonocsurrs
897 4101 944 4149 sn
967 4080 1032 4171 [9s]
1057 4099 1260 4150 coruscum
1280 4096 1509 4146 uruurmcau
1530 4099 1601 4149 sur

207 4189 241 4242 so
840 4185 1085 4249 srrcrrrrrrrrrs.l

331 4309 413 4375 Item
438 4308 545 4376 nullus
567 4311 609 4375 ad
633 4312 804 4400 collegium
829 4315 1015 4381 introducat
1037 4315 1090 4381 vel
1116 4316 1149 4379 in
1178 4337 1215 4380 eo
1242 4314 1381 4402 recipiat
1408 4311 1451 4377 ad
1478 4312 1676 4379 commodum

249 4431 342 4474 suum
362 4410 565 4475 meretricem
588 4410 640 4475 vel
666 4422 774 4478 actum
794 4435 969 4480 venereum
994 4415 1076 4480 inibi
1096 4423 1265 4495 exerceat,
1295 4412 1355 4480 sub
1377 4433 1485 4498 poena
1506 4417 1677 4500 perpetuae

249 4506 445 4572 exclusionis
475 4529 495 4571 a
517 4506 652 4594 collegio
674 4511 725 4576 vel
754 4534 812 4577 sex
834 4513 1031 4579 florenorum
1051 4515 1246 4595 renensium,
1276 4535 1336 4600 pro
1365 4520 1530 4576 structma
1557 4510 1677 4598 collegii

248 4605 487 4674 solvendorum.
529 4606 574 4672 Et
604 4607 639 4673 id
671 4621 825 4677 statutum
858 4634 931 4677 cum
963 4612 1178 4700 praecedente
1209 4612 1313 4677 eciam
1347 4610 1515 4676 concernit
1543 4609 1675 4677 scolares

208 4705 491 4790 35magistrorum.

329 4976 340 5025 ι
362 4971 446 5028 Diese
465 4972 657 5030 lleberscbrift
678 4973 746 5046 geht
763 4974 815 5030 auf
827 4976 894 5031 arrei
912 4975 1007 5032 Seiten
1023 4975 1080 5030 und
1104 4994 1135 5031 so
1152 4975 1190 5031 ist
1207 4976 1256 5032 der
1273 4973 1374 5030 Febler
1392 4974 1549 5031 mantua
1565 4976 1673 5041 worden,

249 5054 316 5194 lqam
338 5056 411 5204 sapei5
428 5056 530 5112 Ziffern
551 5057 633 5113 dabsi
655 5064 763 5129 gesetat
786 5059 856 5113 sind
891 5060 998 5115 Fortun
1021 5059 1080 5113 also
1102 5058 1177 5113 sahlt
1196 5059 1247 5114 das
1265 5057 1434 5130 Originul
1409 5074 1472 5113 eme
1488 5058 1573 5116 arne
1588 5058 1671 5165 lidber,

269 5156 292 5193 rs
310 5155 345 5193 zu
413 5145 436 5194 t.
