3756 6158
186 460 246 525 142
694 456 751 509 Dea
767 457 902 508 Iohannes
919 458 1000 509 Fabri
1018 459 1051 509 de
1070 458 1185 509 Werdea

225 638 334 705 diosos
355 634 575 702 adolescentes
596 638 720 723 passim
740 636 851 721 boare,
878 650 923 721 ut,
944 636 1216 725 quemadmodum
1238 633 1325 725 [ὅθ’]
1348 636 1523 723 aitpoeta,
1552 636 1655 703 Arce·

226 740 300 803 diae
330 737 485 824 pecuaria
513 728 631 801 rudere
661 734 786 820 credas,
819 738 1058 826 praecipueque
1086 737 1258 819 edicimus,
1289 758 1330 801 ne
1358 736 1430 823 quis
1457 744 1516 801 aut
1545 734 1655 801 felium

226 836 380 901 eiulatum
402 835 437 898 in
464 833 638 920 pellionum
664 834 890 901 contumeliam
919 848 975 901 aut
999 835 1142 901 balatum
1166 858 1340 923 caprarum
1364 833 1523 899 imitando
1544 836 1654 921 expri-

225 944 308 1017 mat,
336 955 411 998 nam
436 956 536 1020 super
556 932 618 998 hac
646 956 681 998 re
706 956 847 1019 magnae
874 934 918 1001 ad
945 958 1004 1000 nos
1026 934 1177 1022 querelae
1196 957 1302 1022 nuper
1322 932 1449 999 delatae
1470 942 1564 1015 sunt,
1595 933 1655 999 sub

197 1035 320 1110 §unius
341 1054 447 1097 novae
469 1054 654 1117 sexagenas
675 1032 803 1098 mulcta,
828 1032 904 1099 Dat.
927 1043 985 1099 etc.
1010 1037 1097 1102 1533.

449 1219 516 1281 124.
551 1230 746 1279 munerun
767 1233 814 1280 nn
837 1234 1111 1283 suremcnrrouu
1131 1235 1167 1281 m
1187 1234 1248 1281 nm
1270 1232 1386 1285 ωσι.
1499 1248 1502 1253 -

307 1345 472 1413 Arnoldns
484 1345 536 1410 W.
558 1369 586 1409 r.
607 1345 741 1411 mandat
762 1347 911 1412 omnibus
923 1370 963 1414 ac
976 1349 1113 1437 singulis
1134 1349 1309 1433 magistris,
1332 1345 1533 1429 doctoribus,
1555 1346 1652 1412 licen·

223 1449 313 1513 tiatis
335 1457 367 1511 et
390 1446 610 1532 cuiuscunque
633 1445 756 1510 ordinis
780 1445 992 1531 scholasticis,
1017 1458 1053 1513 ut
1073 1448 1169 1514 hodie
1191 1458 1266 1513 ante
1285 1446 1401 1512 horam
1421 1447 1599 1534 septimam
1619 1446 1652 1509 in

225 1547 306 1614 aede
319 1544 387 1609 divi
401 1542 529 1611 Nicolai
546 1546 739 1609 conveniant
758 1545 791 1609 in
813 1543 884 1629 hoc,
905 1557 941 1611 ut
961 1545 1193 1633 supplicationi
1213 1544 1372 1633 publicae,
1397 1566 1483 1633 quae
1495 1566 1538 1610 ex
1561 1566 1651 1609 more

185 1643 312 1735 lowel]
335 1643 509 1710 adomnia
530 1641 680 1707 divorum
709 1643 831 1730 templa
859 1645 923 1727 fiet,
951 1645 1077 1710 decenti
1098 1656 1190 1710 veste
1218 1645 1329 1710 amicti
1354 1642 1529 1731 diligenter
1557 1646 1653 1709 inter·

224 1748 290 1811 sint
316 1766 356 1809 ac
382 1742 480 1808 deum
503 1742 661 1829 optimum
689 1744 868 1808 maximum
896 1766 961 1809 una
989 1767 1062 1809 curn
1091 1742 1216 1831 reliquo
1240 1741 1360 1831 populo
1381 1742 1572 1810 Christiano
1594 1764 1653 1831 pro

224 1842 457 1932 tranquillitate
479 1841 636 1907 ecclesiae
657 1840 837 1907 catholicae
859 1853 891 1907 et
910 1844 1009 1908 totius
1031 1842 1231 1931 reipublicae
1243 1841 1383 1908 utilitate
1402 1840 1558 1929 religiose
1581 1864 1652 1930 pre

224 1953 348 2027 centur,
376 1964 481 2029 neque
500 1964 542 2006 ex
571 1940 808 2027 supplicatione
829 1941 992 2026 recedant,
1020 1944 1085 2008 nisi
1107 1942 1256 2009 omnibus
1283 1943 1346 2008 rite
1372 1941 1526 2031 peractis,
1555 1938 1654 2007 subl

204 2052 350 2131 ¹urgent.
372 2040 502 2107 mulcta.
523 2040 601 2106 Dat.
626 2045 715 2109 1533.

150 2204 219 2295 sep,
681 2227 747 2289 125.
775 2240 916 2301 Qunam
936 2240 1194 2290 rssrncosrns.

309 2355 498 2422 Fridericus
511 2352 644 2439 Peypus
658 2354 881 2439 Forchemius‚
901 2366 1017 2440 rector,
1039 2354 1173 2421 mandat
1194 2355 1343 2422 omnibns
1365 2378 1405 2422 ac
1427 2356 1566 2443 singulis
1584 2366 1653 2439 ete,

224 2468 346 2525 uteras
360 2454 442 2519 hora
461 2453 601 2539 septima
615 2454 649 2516 in
663 2452 744 2518 aede
764 2452 834 2518 divi
855 2454 982 2520 Nicolai
1003 2455 1199 2520 conveniant
1219 2456 1253 2519 in
1267 2454 1337 2538 hoc,
1359 2466 1395 2520 ut
1417 2453 1558 2521 solemni
1579 2478 1652 2543 sup·

225 2554 403 2645 plicationi,
431 2574 513 2640 quae
539 2574 581 2616 ex
600 2574 690 2617 more
711 2562 744 2616 et
764 2554 911 2618 instituto
933 2553 1089 2619 ecelesiae
1110 2553 1290 2619 catholicae
1310 2575 1369 2641 pro
1392 2553 1500 2620 foelici
1522 2554 1651 2641 fi'signm

226 2662 386 2745 proventu
418 2674 457 2716 ac
488 2652 661 2715 universae
693 2649 892 2737 reipublicae
923 2661 1010 2717 statu
1034 2649 1117 2740 [67⁸]
1144 2651 1371 2736 celebrabitur,
1403 2652 1533 2719 decenti
1562 2662 1652 2719 veste

184 2755 337 2822 boamicti
365 2750 537 2835 diligenter
563 2750 722 2832 intersint,
751 2771 791 2813 ac
814 2749 910 2815 deum
932 2763 996 2837 opt.
1018 2773 1106 2816 max.
1133 2751 1245 2818 sedulo
1272 2774 1331 2839 pro
1353 2750 1494 2817 utilitate
1513 2754 1652 2817 omnium

226 2865 259 2919 et
281 2852 441 2919 communi
463 2848 566 2913 salute
586 2857 769 2935 precentur,
790 2870 852 2914 nec
869 2872 910 2914 ex
932 2848 1167 2936 supplicatione
1188 2850 1352 2934 recedant,
1373 2861 1410 2917 ut
1431 2873 1543 2938 supra
1570 2858 1652 2919 1534.

701 3036 768 3097 1⁶26.
798 3046 968 3095 coneoms
991 3048 1137 3097 onmem.

309 3162 474 3231 Arnoldus
486 3162 539 3227 W.
551 3184 577 3227 r.
596 3160 731 3226 mandat
752 3161 952 3227 omnibusne
971 3162 1107 3249 singulis
1126 3173 1197 3247 etc,
1217 3174 1254 3230 ut
1264 3165 1407 3229 crastina
1417 3164 1473 3229 die
1483 3164 1529 3231 ad
1539 3165 1651 3233 horam

228 3278 303 3334 ante
322 3261 493 3329 meridiem
520 3260 690 3346 septimam
718 3262 914 3326 conveniant
940 3263 974 3327 in
1002 3261 1083 3327 aede
1108 3261 1138 3327 d.
1158 3262 1286 3329 Nicolai
1314 3264 1348 3328 in
1373 3261 1444 3348 hoc,
1472 3274 1509 3330 nt
1531 3264 1652 3353 suppli·

185 3367 348 3435 ttcationi
371 3361 506 3443 solenni,
534 3380 617 3447 quae
638 3381 680 3423 ex
706 3358 939 3425 consuetudine
968 3369 1000 3425 et
1028 3373 1202 3449 praecepto
1230 3362 1385 3427 eeclesiae
1414 3362 1596 3431 catholicae
1621 3366 1653 3431 in

229 3468 383 3532 honorem
405 3460 603 3526 sacrosancti
625 3460 773 3544 corporis
794 3457 916 3524 Christi
937 3480 996 3545 per
1018 3482 1128 3525 omnes
1155 3460 1249 3526 huius
1276 3460 1367 3526 urbis
1395 3464 1548 3549 regiones
1575 3462 1653 3529 cele

227 3564 387 3644 brabitur,
409 3559 536 3624 decenti
555 3568 646 3621 veste
671 3558 783 3621 amicti
811 3578 868 3622 suo
895 3559 1030 3645 quisque
1057 3558 1127 3624 loco
1155 3570 1187 3624 et
1212 3559 1327 3626 ordine
1353 3558 1438 3647 [67¹³]
1467 3574 1654 3628 reverenter

229 3663 387 3744 intersint,
412 3658 472 3724 sub
494 3655 615 3722 mulcta
640 3656 735 3720 unius
762 3676 868 3721 novae
895 3678 1088 3743 sexagenas,
1117 3681 1156 3723 ac
1176 3657 1272 3724 deum
1293 3661 1549 3746 omnipotentem
1571 3684 1653 3727 eom·

230 3764 318 3829 muni
354 3760 497 3826 omnium
530 3778 611 3823 voce
644 3763 701 3820 aut
730 3756 820 3819 taciti
853 3777 961 3820 secum
995 3778 1055 3842 pro
1087 3760 1239 3823 maximis
1270 3760 1305 3823 in
1338 3782 1441 3845 genus
1475 3759 1653 3826 humanum

188 3860 395 3929 30beneficiis
415 3855 606 3938 collaudent,
634 3853 720 3941 quod
747 3856 856 3941 gratia
878 3878 937 3919 sua
958 3869 1136 3942 praeeunte
1157 3857 1273 3943 dignos
1297 3880 1356 3922 nos
1376 3859 1502 3943 fecerit,
1530 3868 1570 3925 ut
1591 3882 1652 3925 non

228 3969 353 4026 tantmn
382 3955 532 4022 sublimia
560 3956 624 4018 ista
652 3954 818 4039 mysteria,
848 3975 931 4040 quae
950 3955 1007 4023 vix
1035 3957 1117 4042 ipsis
1148 3966 1223 4021 sunt
1250 3955 1375 4043 angelis
1400 3961 1481 4024 satis
1513 3962 1654 4047 cognita,

231 4077 489 4146 agnosceremus,
522 4052 580 4117 sed
610 4053 709 4116 etiam
739 4061 776 4115 ut
805 4052 970 4118 dominum
999 4053 1134 4140 gloriae,
1167 4055 1210 4121 ad
1240 4059 1331 4122 cuins
1364 4068 1477 4123 nutum
1509 4058 1596 4125 coeli
1625 4070 1657 4123 et

230 4169 337 4224 terrae
359 4154 620 4233 contremiscunt,
648 4152 681 4214 in
700 4150 831 4216 mortali
852 4149 914 4238 hoc
935 4174 1073 4239 corpore
1094 4155 1341 4241 susciperemus,
1362 4166 1398 4222 ut
1418 4158 1466 4222 ita
1486 4158 1656 4245 praeclaro

230 4258 292 4323 hoc
319 4254 391 4318 cibo
413 4250 548 4317 stabiliti
569 4274 608 4316 ac
629 4250 810 4317 confirmati
831 4250 991 4338 intrepide
1013 4252 1172 4319 adversus
1194 4256 1374 4341 principem
1395 4254 1608 4323 tenebrarum
1627 4266 1657 4323 et

189 4367 343 4422 350mnes
370 4352 466 4416 huius
497 4350 608 4415 mundi
641 4348 778 4415 insidias
811 4349 858 4413 sic
885 4372 1040 4436 queamus
1068 4351 1254 4419 dimicando
1283 4357 1469 4438 consistere,
1497 4364 1535 4421 ut
1563 4354 1656 4421 husius

230 4452 313 4540 [68⁸]
337 4451 459 4517 auxilio
488 4459 521 4515 et
551 4447 715 4537 praesidio
742 4448 858 4535 procul
887 4448 985 4515 dubio
1011 4451 1153 4517 victores
1180 4452 1224 4519 ad
1255 4463 1436 4520 exmemnm
1466 4452 1655 4520 evadamus

228 4553 307 4619 Dat.
329 4551 390 4617 sub
413 4548 520 4636 sigillo
542 4559 600 4614 etc.

588 4737 655 4800 127.
685 4746 722 4795 m
741 4744 873 4795 vrorum
894 4746 1033 4797 resume
1055 4750 1257 4801 enemsrsn.

313 4884 465 4951 Crastina
490 4882 543 4947 die
573 4880 797 4947 solennitatem
824 4878 1068 4947 celeberrimam
1096 4885 1235 4950 instituit
1261 4886 1398 4953 ecclesia
1425 4887 1496 4954 divi
1518 4888 1652 4955 Ioannis

192 4983 407 5071 tobaptistae,
429 4984 481 5047 cui
501 4982 652 5049 Christus
673 4980 745 5066 ipse
764 4977 826 5043 hoo
849 4977 939 5044 dedit
959 4982 1188 5067 testimonium,
1213 4983 1302 5071 quod
1321 4986 1406 5051 inter
1425 4998 1522 5053 natos
1544 4986 1652 5055 mulie·

231 5106 303 5149 rum
326 5104 422 5148 nemo
443 5080 498 5147 illo
518 5082 621 5147 maior
643 5078 831 5162 surrexerit,
851 5080 906 5165 qui
928 5089 960 5143 et
981 5081 1216 5168 prophetarum
1236 5084 1397 5151 maximus
1423 5085 1466 5153 da
1482 5087 1651 5155 salvatoris
