<?xml version="1.0" encoding="UTF-8"?>
<!DOCTYPE html PUBLIC "-//W3C//DTD XHTML 1.0 Transitional//EN"
    "http://www.w3.org/TR/xhtml1/DTD/xhtml1-transitional.dtd">
<html xmlns="http://www.w3.org/1999/xhtml" xml:lang="en" lang="en">
 <head>
  <title>
</title>
<meta http-equiv="Content-Type" content="text/html;charset=utf-8" />
  <meta name='ocr-system' content='tesseract 3.04.00' />
  <meta name='ocr-capabilities' content='ocr_page ocr_carea ocr_par ocr_line ocrx_word'/>
</head>
<body>
  <div class='ocr_page' id='page_1' title='image "./diestatutenbche00univgoog_0517.png"; bbox 0 0 3756 6158; ppageno 0'>
   <div class='ocr_carea' id='block_1_1' title="bbox 246 486 1170 557">
    <p class='ocr_par' dir='ltr' id='par_1_1' title="bbox 246 486 1170 557">
     <span class='ocr_line' id='line_1_1' title="bbox 246 486 1170 557; baseline -0.009 -8"><span class='ocrx_word' id='word_1_1' title='bbox 246 487 306 557; x_wconf 74' lang='grc'><strong>498</strong></span> <span class='ocrx_word' id='word_1_2' title='bbox 739 487 789 540; x_wconf 84' lang='lat' dir='ltr'><strong>Die</strong></span> <span class='ocrx_word' id='word_1_3' title='bbox 807 488 1025 555; x_wconf 83' lang='lat' dir='ltr'><strong>philosophisehs</strong></span> <span class='ocrx_word' id='word_1_4' title='bbox 1043 486 1170 542; x_wconf 74' lang='lat' dir='ltr'><strong>naeniae</strong></span> 
     </span>
    </p>
   </div>
   <div class='ocr_carea' id='block_1_2' title="bbox 246 669 1677 959">
    <p class='ocr_par' dir='ltr' id='par_1_2' title="bbox 246 669 1677 959">
     <span class='ocr_line' id='line_1_2' title="bbox 246 669 1677 761; baseline 0 -25"><span class='ocrx_word' id='word_1_5' title='bbox 246 671 444 757; x_wconf 74' lang='lat' dir='ltr'><strong>magistrali,</strong></span> <span class='ocrx_word' id='word_1_6' title='bbox 465 681 497 736; x_wconf 89' lang='lat' dir='ltr'><strong>et</strong></span> <span class='ocrx_word' id='word_1_7' title='bbox 516 669 637 736; x_wconf 87' lang='lat' dir='ltr'><strong>habeat</strong></span> <span class='ocrx_word' id='word_1_8' title='bbox 657 671 741 738; x_wconf 90' lang='lat' dir='ltr'><strong>duas</strong></span> <span class='ocrx_word' id='word_1_9' title='bbox 761 675 965 761; x_wconf 79' lang='lat' dir='ltr'><strong>quaestiones</strong></span> <span class='ocrx_word' id='word_1_10' title='bbox 985 682 1017 736; x_wconf 91' lang='lat' dir='ltr'><strong>et</strong></span> <span class='ocrx_word' id='word_1_11' title='bbox 1038 672 1102 737; x_wconf 91' lang='lat' dir='ltr'><strong>duo</strong></span> <span class='ocrx_word' id='word_1_12' title='bbox 1124 672 1327 758; x_wconf 74' lang='lat' dir='ltr'><strong>sophismata</strong></span> <span class='ocrx_word' id='word_1_13' title='bbox 1349 672 1383 734; x_wconf 92' lang='lat' dir='ltr'><strong>in</strong></span> <span class='ocrx_word' id='word_1_14' title='bbox 1403 672 1545 737; x_wconf 84' lang='lat' dir='ltr'><strong>materia</strong></span> <span class='ocrx_word' id='word_1_15' title='bbox 1565 694 1677 758; x_wconf 86' lang='lat' dir='ltr'><strong>supra·</strong></span> 
     </span>
     <span class='ocr_line' id='line_1_3' title="bbox 246 770 1676 858; baseline 0.001 -25"><span class='ocrx_word' id='word_1_16' title='bbox 246 773 420 853; x_wconf 90' lang='lat' dir='ltr'><strong>nominata,</strong></span> <span class='ocrx_word' id='word_1_17' title='bbox 449 771 645 857; x_wconf 90' lang='lat' dir='ltr'><strong>disputando</strong></span> <span class='ocrx_word' id='word_1_18' title='bbox 673 772 716 836; x_wconf 89' lang='lat' dir='ltr'><strong>ad</strong></span> <span class='ocrx_word' id='word_1_19' title='bbox 746 773 870 855; x_wconf 84' lang='lat' dir='ltr'><strong>horam,</strong></span> <span class='ocrx_word' id='word_1_20' title='bbox 900 773 959 836; x_wconf 87' lang='lat' dir='ltr'><strong>sub</strong></span> <span class='ocrx_word' id='word_1_21' title='bbox 987 794 1092 858; x_wconf 89' lang='lat' dir='ltr'><strong>poena</strong></span> <span class='ocrx_word' id='word_1_22' title='bbox 1121 795 1185 836; x_wconf 93' lang='lat' dir='ltr'><strong>non</strong></span> <span class='ocrx_word' id='word_1_23' title='bbox 1213 771 1464 857; x_wconf 86' lang='lat' dir='ltr'><strong>eomputationis</strong></span> <span class='ocrx_word' id='word_1_24' title='bbox 1492 770 1676 836; x_wconf 86' lang='lat' dir='ltr'><strong>huiusmodi</strong></span> 
     </span>
     <span class='ocr_line' id='line_1_4' title="bbox 247 868 1363 959; baseline 0.001 -27"><span class='ocrx_word' id='word_1_25' title='bbox 247 868 474 955; x_wconf 75' lang='lat' dir='ltr'><strong>disputationis</strong></span> <span class='ocrx_word' id='word_1_26' title='bbox 493 871 648 956; x_wconf 84' lang='lat' dir='ltr'><strong>utrisque,</strong></span> <span class='ocrx_word' id='word_1_27' title='bbox 671 882 737 936; x_wconf 89' lang='lat' dir='ltr'><strong>tam</strong></span> <span class='ocrx_word' id='word_1_28' title='bbox 759 870 1032 958; x_wconf 76' lang='lat' dir='ltr'><strong>respondentibus</strong></span> <span class='ocrx_word' id='word_1_29' title='bbox 1054 890 1150 958; x_wconf 89' lang='lat' dir='ltr'><strong>quam</strong></span> <span class='ocrx_word' id='word_1_30' title='bbox 1173 869 1363 959; x_wconf 74' lang='lat' dir='ltr'><strong>disputanti.</strong></span> 
     </span>
    </p>
   </div>
   <div class='ocr_carea' id='block_1_3' title="bbox 203 1082 1638 1251">
    <p class='ocr_par' dir='ltr' id='par_1_3' title="bbox 203 1082 1638 1251">
     <span class='ocr_line' id='line_1_5' title="bbox 285 1082 1638 1172; baseline 0.001 -23"><span class='ocrx_word' id='word_1_31' title='bbox 285 1089 333 1149; x_wconf 80' lang='lat'><strong>25.</strong></span> <span class='ocrx_word' id='word_1_32' title='bbox 357 1082 416 1170; x_wconf 91' lang='lat' dir='ltr'><strong>[Bl.</strong></span> <span class='ocrx_word' id='word_1_33' title='bbox 439 1082 511 1172; x_wconf 71' lang='lat'><strong>37¹³]</strong></span> <span class='ocrx_word' id='word_1_34' title='bbox 535 1104 582 1151; x_wconf 84' lang='lat' dir='ltr'><strong>nu</strong></span> <span class='ocrx_word' id='word_1_35' title='bbox 603 1103 836 1154; x_wconf 81' lang='lat' dir='ltr'><strong>nscsroumus</strong></span> <span class='ocrx_word' id='word_1_36' title='bbox 857 1103 1030 1153; x_wconf 78' lang='lat' dir='ltr'><strong>ansanum</strong></span> <span class='ocrx_word' id='word_1_37' title='bbox 1050 1104 1118 1150; x_wconf 80' lang='lat' dir='ltr'><strong>rna</strong></span> <span class='ocrx_word' id='word_1_38' title='bbox 1137 1102 1373 1152; x_wconf 75' lang='lat' dir='ltr'><strong>saconnmros</strong></span> <span class='ocrx_word' id='word_1_39' title='bbox 1393 1102 1523 1151; x_wconf 86' lang='lat' dir='ltr'><strong>nmnus</strong></span> <span class='ocrx_word' id='word_1_40' title='bbox 1544 1101 1638 1150; x_wconf 73' lang='lat' dir='ltr'><strong>canu·</strong></span> 
     </span>
     <span class='ocr_line' id='line_1_6' title="bbox 203 1192 1254 1251; baseline 0.001 -3"><span class='ocrx_word' id='word_1_41' title='bbox 203 1195 219 1248; x_wconf 82' lang='lat'><strong>5</strong></span> <span class='ocrx_word' id='word_1_42' title='bbox 659 1203 836 1251; x_wconf 81' lang='lat' dir='ltr'><strong>cunsnmu</strong></span> <span class='ocrx_word' id='word_1_43' title='bbox 855 1204 902 1251; x_wconf 77' lang='lat' dir='ltr'><strong>sn</strong></span> <span class='ocrx_word' id='word_1_44' title='bbox 922 1192 1010 1250; x_wconf 77' lang='lat' dir='ltr'><strong>rsus</strong></span> <span class='ocrx_word' id='word_1_45' title='bbox 1032 1201 1254 1250; x_wconf 75' lang='lat' dir='ltr'><strong>snrrmsuus.</strong></span> 
     </span>
    </p>
   </div>
   <div class='ocr_carea' id='block_1_4' title="bbox 247 1314 1678 1702">
    <p class='ocr_par' dir='ltr' id='par_1_4' title="bbox 247 1314 1678 1702">
     <span class='ocr_line' id='line_1_7' title="bbox 334 1314 1678 1404; baseline -0.001 -23"><span class='ocrx_word' id='word_1_46' title='bbox 334 1316 545 1382; x_wconf 88' lang='lat' dir='ltr'><strong>Bacealaurei</strong></span> <span class='ocrx_word' id='word_1_47' title='bbox 577 1327 724 1404; x_wconf 91' lang='lat' dir='ltr'><strong>tempore</strong></span> <span class='ocrx_word' id='word_1_48' title='bbox 761 1320 982 1404; x_wconf 86' lang='lat' dir='ltr'><strong>suspensionis</strong></span> <span class='ocrx_word' id='word_1_49' title='bbox 1020 1317 1192 1382; x_wconf 88' lang='lat' dir='ltr'><strong>lectionum</strong></span> <span class='ocrx_word' id='word_1_50' title='bbox 1225 1319 1258 1382; x_wconf 91' lang='lat' dir='ltr'><strong>in</strong></span> <span class='ocrx_word' id='word_1_51' title='bbox 1290 1316 1405 1382; x_wconf 88' lang='lat' dir='ltr'><strong>diebus</strong></span> <span class='ocrx_word' id='word_1_52' title='bbox 1438 1314 1678 1382; x_wconf 84' lang='lat' dir='ltr'><strong>canicularibus</strong></span> 
     </span>
     <span class='ocr_line' id='line_1_8' title="bbox 249 1414 1676 1503; baseline 0 -23"><span class='ocrx_word' id='word_1_53' title='bbox 249 1415 387 1502; x_wconf 85' lang='lat' dir='ltr'><strong>legendo</strong></span> <span class='ocrx_word' id='word_1_54' title='bbox 402 1414 525 1501; x_wconf 88' lang='lat' dir='ltr'><strong>aliquid</strong></span> <span class='ocrx_word' id='word_1_55' title='bbox 545 1418 579 1481; x_wconf 93' lang='lat' dir='ltr'><strong>in</strong></span> <span class='ocrx_word' id='word_1_56' title='bbox 600 1419 825 1502; x_wconf 84' lang='lat' dir='ltr'><strong>grammatica,</strong></span> <span class='ocrx_word' id='word_1_57' title='bbox 847 1417 1009 1483; x_wconf 79' lang='lat' dir='ltr'><strong>rethorica</strong></span> <span class='ocrx_word' id='word_1_58' title='bbox 1022 1426 1079 1482; x_wconf 90' lang='lat' dir='ltr'><strong>aut</strong></span> <span class='ocrx_word' id='word_1_59' title='bbox 1099 1418 1132 1481; x_wconf 95' lang='lat' dir='ltr'><strong>in</strong></span> <span class='ocrx_word' id='word_1_60' title='bbox 1148 1416 1408 1503; x_wconf 86' lang='lat' dir='ltr'><strong>eomputualibus</strong></span> <span class='ocrx_word' id='word_1_61' title='bbox 1429 1427 1462 1481; x_wconf 86' lang='lat' dir='ltr'><strong>et</strong></span> <span class='ocrx_word' id='word_1_62' title='bbox 1484 1414 1676 1501; x_wconf 82' lang='lat' dir='ltr'><strong>algorithmo</strong></span> 
     </span>
     <span class='ocr_line' id='line_1_9' title="bbox 250 1506 1676 1604; baseline 0 -25"><span class='ocrx_word' id='word_1_63' title='bbox 250 1515 369 1580; x_wconf 85' lang='lat' dir='ltr'><strong>debent</strong></span> <span class='ocrx_word' id='word_1_64' title='bbox 390 1539 424 1580; x_wconf 91' lang='lat' dir='ltr'><strong>se</strong></span> <span class='ocrx_word' id='word_1_65' title='bbox 447 1515 618 1601; x_wconf 82' lang='lat' dir='ltr'><strong>diligenter</strong></span> <span class='ocrx_word' id='word_1_66' title='bbox 641 1517 832 1582; x_wconf 86' lang='lat' dir='ltr'><strong>exercitare.</strong></span> <span class='ocrx_word' id='word_1_67' title='bbox 861 1518 905 1582; x_wconf 85' lang='lat' dir='ltr'><strong>Et</strong></span> <span class='ocrx_word' id='word_1_68' title='bbox 927 1522 1106 1604; x_wconf 60' lang='lat' dir='ltr'><strong>antequam*</strong></span> <span class='ocrx_word' id='word_1_69' title='bbox 1121 1516 1182 1582; x_wconf 91' lang='lat' dir='ltr'><strong>hoc</strong></span> <span class='ocrx_word' id='word_1_70' title='bbox 1202 1518 1346 1598; x_wconf 79' lang='lat' dir='ltr'><strong>fecerint,</strong></span> <span class='ocrx_word' id='word_1_71' title='bbox 1369 1538 1429 1603; x_wconf 95' lang='lat' dir='ltr'><strong>pro</strong></span> <span class='ocrx_word' id='word_1_72' title='bbox 1449 1506 1561 1602; x_wconf 63' lang='lat' dir='ltr'><strong>&#39;gradu</strong></span> <span class='ocrx_word' id='word_1_73' title='bbox 1582 1515 1676 1600; x_wconf 82' lang='lat' dir='ltr'><strong>magi·</strong></span> 
     </span>
     <span class='ocr_line' id='line_1_10' title="bbox 247 1614 807 1702; baseline 0.011 -24"><span class='ocrx_word' id='word_1_74' title='bbox 247 1615 337 1679; x_wconf 86' lang='lat' dir='ltr'><strong>sterii</strong></span> <span class='ocrx_word' id='word_1_75' title='bbox 357 1637 562 1702; x_wconf 88' lang='lat' dir='ltr'><strong>nequaquam</strong></span> <span class='ocrx_word' id='word_1_76' title='bbox 584 1614 807 1684; x_wconf 88' lang='lat' dir='ltr'><strong>admittantur.</strong></span> 
     </span>
    </p>
   </div>
   <div class='ocr_carea' id='block_1_5' title="bbox 208 1836 1634 2011">
    <p class='ocr_par' dir='ltr' id='par_1_5' title="bbox 208 1836 1634 2011">
     <span class='ocr_line' id='line_1_11' title="bbox 208 1836 1634 1898; baseline 0.001 -5"><span class='ocrx_word' id='word_1_77' title='bbox 208 1839 239 1894; x_wconf 84' lang='grc'><strong>10</strong></span> <span class='ocrx_word' id='word_1_78' title='bbox 295 1836 345 1897; x_wconf 79' lang='grc'><strong>26.</strong></span> <span class='ocrx_word' id='word_1_79' title='bbox 369 1847 416 1894; x_wconf 82' lang='lat' dir='ltr'><strong>DE</strong></span> <span class='ocrx_word' id='word_1_80' title='bbox 439 1847 583 1897; x_wconf 75' lang='lat' dir='ltr'>NUMBBO</span> <span class='ocrx_word' id='word_1_81' title='bbox 605 1847 932 1898; x_wconf 73' lang='lat' dir='ltr'>BACCALAUBEOBUM</span> <span class='ocrx_word' id='word_1_82' title='bbox 952 1847 1214 1897; x_wconf 78' lang='lat' dir='ltr'>DISPUTANTIUM</span> <span class='ocrx_word' id='word_1_83' title='bbox 1234 1845 1414 1895; x_wconf 77' lang='lat' dir='ltr'><strong>Dommcls</strong></span> <span class='ocrx_word' id='word_1_84' title='bbox 1434 1847 1570 1896; x_wconf 75' lang='lat' dir='ltr'><strong>omnus</strong></span> <span class='ocrx_word' id='word_1_85' title='bbox 1589 1847 1634 1894; x_wconf 77' lang='grc' dir='ltr'><strong>ΕΤ</strong></span> 
     </span>
     <span class='ocr_line' id='line_1_12' title="bbox 659 1945 1257 2011; baseline -0.002 -17"><span class='ocrx_word' id='word_1_86' title='bbox 659 1949 865 1997; x_wconf 69' lang='lat' dir='ltr'><strong>sessurum</strong></span> <span class='ocrx_word' id='word_1_87' title='bbox 885 1948 969 1997; x_wconf 78' lang='lat' dir='ltr'><strong>mnu</strong></span> <span class='ocrx_word' id='word_1_88' title='bbox 990 1945 1257 2011; x_wconf 64' lang='lat' dir='ltr'><strong>anonumum</strong></span> 
     </span>
    </p>
   </div>
   <div class='ocr_carea' id='block_1_6' title="bbox 208 2058 1673 2524">
    <p class='ocr_par' dir='ltr' id='par_1_6' title="bbox 245 2058 1673 2349">
     <span class='ocr_line' id='line_1_13' title="bbox 332 2058 1673 2151; baseline -0.001 -25"><span class='ocrx_word' id='word_1_89' title='bbox 332 2061 456 2144; x_wconf 87' lang='lat' dir='ltr'><strong>Placet,</strong></span> <span class='ocrx_word' id='word_1_90' title='bbox 481 2073 516 2127; x_wconf 91' lang='lat' dir='ltr'><strong>ut</strong></span> <span class='ocrx_word' id='word_1_91' title='bbox 541 2063 724 2151; x_wconf 88' lang='lat' dir='ltr'><strong>quindecim</strong></span> <span class='ocrx_word' id='word_1_92' title='bbox 744 2063 949 2130; x_wconf 85' lang='lat' dir='ltr'><strong>baccalaurei</strong></span> <span class='ocrx_word' id='word_1_93' title='bbox 971 2064 1124 2146; x_wconf 87' lang='lat' dir='ltr'><strong>seniores,</strong></span> <span class='ocrx_word' id='word_1_94' title='bbox 1147 2062 1260 2128; x_wconf 91' lang='lat' dir='ltr'><strong>diebus</strong></span> <span class='ocrx_word' id='word_1_95' title='bbox 1282 2060 1455 2127; x_wconf 82' lang='lat' dir='ltr'><strong>dominicis</strong></span> <span class='ocrx_word' id='word_1_96' title='bbox 1478 2063 1515 2126; x_wconf 90' lang='lat' dir='ltr'><strong>in</strong></span> <span class='ocrx_word' id='word_1_97' title='bbox 1536 2058 1673 2147; x_wconf 85' lang='lat' dir='ltr'><strong>disputa·</strong></span> 
     </span>
     <span class='ocr_line' id='line_1_14' title="bbox 245 2152 1671 2250; baseline -0.001 -23"><span class='ocrx_word' id='word_1_98' title='bbox 245 2163 332 2227; x_wconf 90' lang='lat' dir='ltr'><strong>tione</strong></span> <span class='ocrx_word' id='word_1_99' title='bbox 351 2160 638 2227; x_wconf 81' lang='lat' dir='ltr'><strong>baccalaureorum</strong></span> <span class='ocrx_word' id='word_1_100' title='bbox 660 2173 858 2250; x_wconf 81' lang='lat' dir='ltr'><strong>praesentes,</strong></span> <span class='ocrx_word' id='word_1_101' title='bbox 880 2161 1025 2227; x_wconf 87' lang='lat' dir='ltr'><strong>habeant</strong></span> <span class='ocrx_word' id='word_1_102' title='bbox 1045 2160 1180 2248; x_wconf 88' lang='lat' dir='ltr'><strong>quilibet</strong></span> <span class='ocrx_word' id='word_1_103' title='bbox 1205 2160 1348 2226; x_wconf 90' lang='lat' dir='ltr'><strong>medium</strong></span> <span class='ocrx_word' id='word_1_104' title='bbox 1374 2183 1528 2246; x_wconf 84' lang='lat' dir='ltr'><strong>grossum</strong></span> <span class='ocrx_word' id='word_1_105' title='bbox 1551 2152 1671 2241; x_wconf 66' lang='lat' dir='ltr'><strong>nusum,</strong></span> 
     </span>
     <span class='ocr_line' id='line_1_15' title="bbox 248 2257 1670 2349; baseline 0 -25"><span class='ocrx_word' id='word_1_106' title='bbox 248 2283 328 2347; x_wconf 89' lang='lat' dir='ltr'><strong>quos</strong></span> <span class='ocrx_word' id='word_1_107' title='bbox 357 2260 589 2326; x_wconf 80' lang='lat' dir='ltr'><strong>baccalaureus</strong></span> <span class='ocrx_word' id='word_1_108' title='bbox 618 2259 791 2349; x_wconf 89' lang='lat' dir='ltr'><strong>disputans</strong></span> <span class='ocrx_word' id='word_1_109' title='bbox 816 2258 1040 2349; x_wconf 86' lang='lat' dir='ltr'><strong>praesentabit</strong></span> <span class='ocrx_word' id='word_1_110' title='bbox 1067 2259 1188 2326; x_wconf 89' lang='lat' dir='ltr'><strong>eisdem</strong></span> <span class='ocrx_word' id='word_1_111' title='bbox 1215 2282 1292 2331; x_wconf 74' lang='lat' dir='ltr'><strong>mox</strong></span> <span class='ocrx_word' id='word_1_112' title='bbox 1322 2262 1358 2325; x_wconf 93' lang='lat' dir='ltr'><strong>in</strong></span> <span class='ocrx_word' id='word_1_113' title='bbox 1384 2259 1503 2326; x_wconf 88' lang='lat' dir='ltr'><strong>eadem</strong></span> <span class='ocrx_word' id='word_1_114' title='bbox 1534 2257 1670 2347; x_wconf 70' lang='lat' dir='ltr'><strong>disputa</strong></span> 
     </span>
    </p>

    <p class='ocr_par' dir='ltr' id='par_1_7' title="bbox 208 2358 1670 2524">
     <span class='ocr_line' id='line_1_16' title="bbox 208 2358 1670 2450; baseline 0 -27"><span class='ocrx_word' id='word_1_115' title='bbox 208 2371 238 2423; x_wconf 81' lang='lat'><strong>15</strong></span> <span class='ocrx_word' id='word_1_116' title='bbox 248 2361 344 2442; x_wconf 87' lang='lat' dir='ltr'><strong>tione,</strong></span> <span class='ocrx_word' id='word_1_117' title='bbox 371 2358 432 2424; x_wconf 90' lang='lat' dir='ltr'><strong>sub</strong></span> <span class='ocrx_word' id='word_1_118' title='bbox 452 2382 559 2446; x_wconf 89' lang='lat' dir='ltr'><strong>poena</strong></span> <span class='ocrx_word' id='word_1_119' title='bbox 578 2370 650 2425; x_wconf 89' lang='lat' dir='ltr'><strong>octo</strong></span> <span class='ocrx_word' id='word_1_120' title='bbox 671 2382 870 2447; x_wconf 82' lang='lat' dir='ltr'><strong>grossorum,</strong></span> <span class='ocrx_word' id='word_1_121' title='bbox 899 2383 980 2450; x_wconf 92' lang='lat' dir='ltr'><strong>quos</strong></span> <span class='ocrx_word' id='word_1_122' title='bbox 1002 2359 1144 2426; x_wconf 85' lang='lat' dir='ltr'><strong>decanus</strong></span> <span class='ocrx_word' id='word_1_123' title='bbox 1166 2369 1359 2447; x_wconf 82' lang='lat' dir='ltr'><strong>extorquere</strong></span> <span class='ocrx_word' id='word_1_124' title='bbox 1381 2383 1403 2425; x_wconf 90' lang='lat' dir='ltr'><strong>a</strong></span> <span class='ocrx_word' id='word_1_125' title='bbox 1423 2358 1670 2428; x_wconf 77' lang='lat' dir='ltr'><strong>contrafaciente</strong></span> 
     </span>
     <span class='ocr_line' id='line_1_17' title="bbox 247 2458 549 2524; baseline 0.007 -2"><span class='ocrx_word' id='word_1_126' title='bbox 247 2458 344 2523; x_wconf 90' lang='lat' dir='ltr'><strong>debet</strong></span> <span class='ocrx_word' id='word_1_127' title='bbox 363 2468 396 2523; x_wconf 89' lang='lat' dir='ltr'><strong>et</strong></span> <span class='ocrx_word' id='word_1_128' title='bbox 416 2467 549 2524; x_wconf 89' lang='lat' dir='ltr'><strong>tenetur.</strong></span> 
     </span>
    </p>
   </div>
   <div class='ocr_carea' id='block_1_7' title="bbox 451 2662 1456 2725">
    <p class='ocr_par' dir='ltr' id='par_1_8' title="bbox 451 2662 1456 2725">
     <span class='ocr_line' id='line_1_18' title="bbox 451 2662 1456 2725; baseline -0.004 -1"><span class='ocrx_word' id='word_1_129' title='bbox 451 2686 452 2690; x_wconf 38' lang='lat'>¹</span> <span class='ocrx_word' id='word_1_130' title='bbox 473 2662 523 2725; x_wconf 82' lang='lat'><strong>27.</strong></span> <span class='ocrx_word' id='word_1_131' title='bbox 544 2676 591 2723; x_wconf 83' lang='lat' dir='ltr'><strong>ns</strong></span> <span class='ocrx_word' id='word_1_132' title='bbox 610 2675 725 2725; x_wconf 77' lang='lat' dir='ltr'><strong>corus</strong></span> <span class='ocrx_word' id='word_1_133' title='bbox 745 2674 974 2724; x_wconf 79' lang='lat' dir='ltr'><strong>ossnavsuns</strong></span> <span class='ocrx_word' id='word_1_134' title='bbox 995 2676 1031 2723; x_wconf 84' lang='lat' dir='ltr'><strong>m</strong></span> <span class='ocrx_word' id='word_1_135' title='bbox 1053 2675 1236 2725; x_wconf 76' lang='lat' dir='ltr'><strong>conusens</strong></span> <span class='ocrx_word' id='word_1_136' title='bbox 1255 2675 1300 2724; x_wconf 85' lang='lat' dir='ltr'><strong>nr</strong></span> <span class='ocrx_word' id='word_1_137' title='bbox 1324 2674 1456 2724; x_wconf 79' lang='lat' dir='ltr'><strong>suasis.</strong></span> 
     </span>
    </p>
   </div>
   <div class='ocr_carea' id='block_1_8' title="bbox 204 2790 1665 3087">
    <p class='ocr_par' dir='ltr' id='par_1_9' title="bbox 204 2790 1665 3087">
     <span class='ocr_line' id='line_1_19' title="bbox 329 2790 1664 2882; baseline 0 -26"><span class='ocrx_word' id='word_1_138' title='bbox 329 2790 457 2873; x_wconf 88' lang='lat' dir='ltr'><strong>Placet,</strong></span> <span class='ocrx_word' id='word_1_139' title='bbox 487 2790 572 2878; x_wconf 91' lang='lat' dir='ltr'><strong>quod</strong></span> <span class='ocrx_word' id='word_1_140' title='bbox 599 2793 633 2857; x_wconf 94' lang='lat' dir='ltr'><strong>in</strong></span> <span class='ocrx_word' id='word_1_141' title='bbox 654 2792 741 2857; x_wconf 90' lang='lat' dir='ltr'><strong>nullo</strong></span> <span class='ocrx_word' id='word_1_142' title='bbox 758 2791 974 2876; x_wconf 61' lang='lat' dir='ltr'><strong>xcollegiorum</strong></span> <span class='ocrx_word' id='word_1_143' title='bbox 998 2790 1049 2882; x_wconf 87' lang='lat' dir='ltr'><strong>vel</strong></span> <span class='ocrx_word' id='word_1_144' title='bbox 1076 2790 1249 2857; x_wconf 86' lang='lat' dir='ltr'><strong>bursarum</strong></span> <span class='ocrx_word' id='word_1_145' title='bbox 1278 2792 1453 2878; x_wconf 79' lang='lat' dir='ltr'><strong>supposita</strong></span> <span class='ocrx_word' id='word_1_146' title='bbox 1474 2791 1519 2855; x_wconf 90' lang='lat' dir='ltr'><strong>ad</strong></span> <span class='ocrx_word' id='word_1_147' title='bbox 1548 2812 1664 2856; x_wconf 82' lang='lat' dir='ltr'><strong>coenam</strong></span> 
     </span>
     <span class='ocr_line' id='line_1_20' title="bbox 245 2882 1665 2979; baseline -0.001 -25"><span class='ocrx_word' id='word_1_148' title='bbox 245 2890 372 2977; x_wconf 84' lang='lat' dir='ltr'><strong>pulsari</strong></span> <span class='ocrx_word' id='word_1_149' title='bbox 402 2892 524 2955; x_wconf 85' lang='lat' dir='ltr'><strong>iaciant</strong></span> <span class='ocrx_word' id='word_1_150' title='bbox 554 2902 610 2956; x_wconf 90' lang='lat' dir='ltr'><strong>aut</strong></span> <span class='ocrx_word' id='word_1_151' title='bbox 641 2891 775 2969; x_wconf 86' lang='lat' dir='ltr'><strong>eandem</strong></span> <span class='ocrx_word' id='word_1_152' title='bbox 808 2882 940 2957; x_wconf 84' lang='lat' dir='ltr'><strong>teneant</strong></span> <span class='ocrx_word' id='word_1_153' title='bbox 969 2901 1045 2955; x_wconf 89' lang='lat' dir='ltr'><strong>ante</strong></span> <span class='ocrx_word' id='word_1_154' title='bbox 1076 2890 1190 2956; x_wconf 88' lang='lat' dir='ltr'><strong>horam</strong></span> <span class='ocrx_word' id='word_1_155' title='bbox 1224 2892 1381 2979; x_wconf 87' lang='lat' dir='ltr'><strong>quintam,</strong></span> <span class='ocrx_word' id='word_1_156' title='bbox 1413 2900 1483 2955; x_wconf 88' lang='lat' dir='ltr'><strong>tam</strong></span> <span class='ocrx_word' id='word_1_157' title='bbox 1509 2891 1545 2954; x_wconf 93' lang='lat' dir='ltr'><strong>in</strong></span> <span class='ocrx_word' id='word_1_158' title='bbox 1576 2889 1665 2955; x_wconf 87' lang='lat' dir='ltr'><strong>hieme</strong></span> 
     </span>
     <span class='ocr_line' id='line_1_21' title="bbox 204 2989 1663 3087; baseline -0.002 -31"><span class='ocrx_word' id='word_1_159' title='bbox 204 2999 344 3078; x_wconf 81' lang='lat' dir='ltr'><strong>20quam</strong></span> <span class='ocrx_word' id='word_1_160' title='bbox 367 2999 499 3072; x_wconf 89' lang='lat' dir='ltr'><strong>aestate,</strong></span> <span class='ocrx_word' id='word_1_161' title='bbox 529 2989 589 3055; x_wconf 91' lang='lat' dir='ltr'><strong>sub</strong></span> <span class='ocrx_word' id='word_1_162' title='bbox 611 3014 716 3077; x_wconf 91' lang='lat' dir='ltr'><strong>poena</strong></span> <span class='ocrx_word' id='word_1_163' title='bbox 738 3002 888 3079; x_wconf 88' lang='lat' dir='ltr'><strong>quattuor</strong></span> <span class='ocrx_word' id='word_1_164' title='bbox 911 3013 1110 3087; x_wconf 83' lang='lat' dir='ltr'><strong>grossorum,</strong></span> <span class='ocrx_word' id='word_1_165' title='bbox 1137 3012 1197 3076; x_wconf 92' lang='lat' dir='ltr'><strong>per</strong></span> <span class='ocrx_word' id='word_1_166' title='bbox 1217 2990 1376 3055; x_wconf 87' lang='lat' dir='ltr'><strong>decanum</strong></span> <span class='ocrx_word' id='word_1_167' title='bbox 1399 3012 1420 3054; x_wconf 92' lang='lat' dir='ltr'><strong>a</strong></span> <span class='ocrx_word' id='word_1_168' title='bbox 1441 2989 1663 3054; x_wconf 81' lang='lat' dir='ltr'><strong>contrafacien-</strong></span> 
     </span>
    </p>
   </div>
   <div class='ocr_carea' id='block_1_9' title="bbox 246 3088 677 3176">
    <p class='ocr_par' dir='ltr' id='par_1_10' title="bbox 246 3088 677 3176">
     <span class='ocr_line' id='line_1_22' title="bbox 246 3088 677 3176; baseline 0 -22"><span class='ocrx_word' id='word_1_169' title='bbox 246 3091 332 3154; x_wconf 91' lang='lat' dir='ltr'><strong>tibus</strong></span> <span class='ocrx_word' id='word_1_170' title='bbox 355 3088 677 3176; x_wconf 86' lang='lat' dir='ltr'><strong>extorquendorum.¹</strong></span> 
     </span>
    </p>
   </div>
   <div class='ocr_carea' id='block_1_10' title="bbox 939 3376 982 3440">
    <p class='ocr_par' dir='ltr' id='par_1_11' title="bbox 939 3376 982 3440">
     <span class='ocr_line' id='line_1_23' title="bbox 939 3376 982 3440; baseline 0 0"><span class='ocrx_word' id='word_1_171' title='bbox 939 3376 982 3440; x_wconf 87' lang='grc' dir='ltr'><strong>ΙΙ.</strong></span> 
     </span>
    </p>
   </div>
   <div class='ocr_carea' id='block_1_11' title="bbox 204 3555 1629 3826">
    <p class='ocr_par' dir='ltr' id='par_1_12' title="bbox 204 3555 1629 3826">
     <span class='ocr_line' id='line_1_24' title="bbox 293 3555 1629 3646; baseline -0.006 -19"><span class='ocrx_word' id='word_1_172' title='bbox 293 3568 319 3627; x_wconf 89' lang='grc'><strong>1.</strong></span> <span class='ocrx_word' id='word_1_173' title='bbox 351 3556 409 3646; x_wconf 87' lang='lat' dir='ltr'><strong>[Bl.</strong></span> <span class='ocrx_word' id='word_1_174' title='bbox 425 3565 464 3627; x_wconf 87' lang='lat'><strong>38</strong></span> <span class='ocrx_word' id='word_1_175' title='bbox 472 3555 497 3644; x_wconf 57' lang='grc' dir='ltr'><strong>Β]</strong></span> <span class='ocrx_word' id='word_1_176' title='bbox 521 3576 659 3625; x_wconf 72' lang='lat' dir='ltr'><strong>cousus</strong></span> <span class='ocrx_word' id='word_1_177' title='bbox 683 3577 935 3625; x_wconf 78' lang='lat' dir='ltr'><strong>narnsoronns</strong></span> <span class='ocrx_word' id='word_1_178' title='bbox 960 3574 1176 3624; x_wconf 75' lang='lat' dir='ltr'><strong>rsounrnms</strong></span> <span class='ocrx_word' id='word_1_179' title='bbox 1198 3574 1347 3638; x_wconf 75' lang='lat' dir='ltr'><strong>unsrun,</strong></span> <span class='ocrx_word' id='word_1_180' title='bbox 1367 3565 1629 3621; x_wconf 69' lang='lat' dir='ltr'><strong>remansisses</strong></span> 
     </span>
     <span class='ocr_line' id='line_1_25' title="bbox 397 3673 1533 3743; baseline -0.001 -20"><span class='ocrx_word' id='word_1_181' title='bbox 397 3676 555 3723; x_wconf 74' lang='lat' dir='ltr'><strong>srsrusa</strong></span> <span class='ocrx_word' id='word_1_182' title='bbox 578 3676 623 3723; x_wconf 82' lang='lat' dir='ltr'><strong>sn</strong></span> <span class='ocrx_word' id='word_1_183' title='bbox 647 3677 843 3724; x_wconf 82' lang='lat' dir='ltr'><strong>counnnrrs</strong></span> <span class='ocrx_word' id='word_1_184' title='bbox 864 3677 973 3743; x_wconf 71' lang='lat' dir='ltr'><strong>nova,</strong></span> <span class='ocrx_word' id='word_1_185' title='bbox 995 3675 1174 3724; x_wconf 66' lang='lat' dir='ltr'><strong>ennomus</strong></span> <span class='ocrx_word' id='word_1_186' title='bbox 1193 3674 1398 3721; x_wconf 73' lang='lat' dir='ltr'><strong>susurnam</strong></span> <span class='ocrx_word' id='word_1_187' title='bbox 1421 3673 1533 3722; x_wconf 73' lang='lat' dir='ltr'><strong>causa</strong></span> 
     </span>
     <span class='ocr_line' id='line_1_26' title="bbox 204 3769 1333 3826; baseline -0.002 -2"><span class='ocrx_word' id='word_1_188' title='bbox 204 3769 238 3824; x_wconf 81' lang='lat'><strong>25</strong></span> <span class='ocrx_word' id='word_1_189' title='bbox 584 3775 720 3823; x_wconf 78' lang='lat' dir='ltr'><strong>riusms</strong></span> <span class='ocrx_word' id='word_1_190' title='bbox 741 3775 1068 3826; x_wconf 76' lang='lat' dir='ltr'><strong>mssuscms&#39;ronuu</strong></span> <span class='ocrx_word' id='word_1_191' title='bbox 1089 3773 1333 3823; x_wconf 79' lang='lat' dir='ltr'><strong>srsruronuu.</strong></span> 
     </span>
    </p>
   </div>
   <div class='ocr_carea' id='block_1_12' title="bbox 202 3921 1665 4808">
    <p class='ocr_par' dir='ltr' id='par_1_13' title="bbox 330 3921 1661 4010">
     <span class='ocr_line' id='line_1_27' title="bbox 330 3921 1661 4010; baseline -0.002 -21"><span class='ocrx_word' id='word_1_192' title='bbox 330 3925 403 3990; x_wconf 90' lang='lat' dir='ltr'><strong>Non</strong></span> <span class='ocrx_word' id='word_1_193' title='bbox 426 3923 521 3989; x_wconf 87' lang='lat' dir='ltr'><strong>debet</strong></span> <span class='ocrx_word' id='word_1_194' title='bbox 549 3924 590 3989; x_wconf 89' lang='lat' dir='ltr'><strong>ab</strong></span> <span class='ocrx_word' id='word_1_195' title='bbox 619 3923 726 4009; x_wconf 90' lang='lat' dir='ltr'><strong>aliquo</strong></span> <span class='ocrx_word' id='word_1_196' title='bbox 747 3929 976 4010; x_wconf 81' lang='lat' dir='ltr'><strong>magistrorum</strong></span> <span class='ocrx_word' id='word_1_197' title='bbox 997 3925 1049 3990; x_wconf 88' lang='lat' dir='ltr'><strong>vel</strong></span> <span class='ocrx_word' id='word_1_198' title='bbox 1081 3923 1277 3989; x_wconf 87' lang='lat' dir='ltr'><strong>scholarium</strong></span> <span class='ocrx_word' id='word_1_199' title='bbox 1305 3923 1567 4009; x_wconf 88' lang='lat' dir='ltr'><strong>reprehensibile</strong></span> <span class='ocrx_word' id='word_1_200' title='bbox 1594 3921 1661 3988; x_wconf 90' lang='lat' dir='ltr'><strong>iudi·</strong></span> 
     </span>
    </p>

    <p class='ocr_par' dir='ltr' id='par_1_14' title="bbox 249 4022 1663 4112">
     <span class='ocr_line' id='line_1_28' title="bbox 249 4022 1663 4112; baseline -0.003 -22"><span class='ocrx_word' id='word_1_201' title='bbox 249 4028 333 4108; x_wconf 88' lang='lat' dir='ltr'><strong>cari,</strong></span> <span class='ocrx_word' id='word_1_202' title='bbox 366 4027 394 4089; x_wconf 89' lang='lat' dir='ltr'><strong>si</strong></span> <span class='ocrx_word' id='word_1_203' title='bbox 426 4022 617 4112; x_wconf 90' lang='lat' dir='ltr'><strong>quandoque</strong></span> <span class='ocrx_word' id='word_1_204' title='bbox 647 4048 688 4088; x_wconf 85' lang='lat' dir='ltr'><strong>ex</strong></span> <span class='ocrx_word' id='word_1_205' title='bbox 720 4028 825 4090; x_wconf 88' lang='lat' dir='ltr'><strong>causis</strong></span> <span class='ocrx_word' id='word_1_206' title='bbox 856 4024 1103 4090; x_wconf 87' lang='lat' dir='ltr'><strong>rationabilibus</strong></span> <span class='ocrx_word' id='word_1_207' title='bbox 1131 4025 1301 4087; x_wconf 88' lang='lat' dir='ltr'><strong>variantur</strong></span> <span class='ocrx_word' id='word_1_208' title='bbox 1329 4032 1453 4087; x_wconf 89' lang='lat' dir='ltr'><strong>statuta</strong></span> <span class='ocrx_word' id='word_1_209' title='bbox 1482 4026 1663 4109; x_wconf 84' lang='lat' dir='ltr'><strong>antiquaet</strong></span> 
     </span>
    </p>

    <p class='ocr_par' dir='ltr' id='par_1_15' title="bbox 202 4119 1665 4808">
     <span class='ocr_line' id='line_1_29' title="bbox 202 4119 1664 4210; baseline -0.003 -20"><span class='ocrx_word' id='word_1_210' title='bbox 202 4200 205 4204; x_wconf 20' lang='lat'><em>4</em></span> <span class='ocrx_word' id='word_1_211' title='bbox 247 4125 442 4190; x_wconf 85' lang='lat' dir='ltr'><strong>inducuntur</strong></span> <span class='ocrx_word' id='word_1_212' title='bbox 470 4145 569 4204; x_wconf 91' lang='lat' dir='ltr'><strong>nova,</strong></span> <span class='ocrx_word' id='word_1_213' title='bbox 600 4125 791 4210; x_wconf 89' lang='lat' dir='ltr'><strong>praesertim</strong></span> <span class='ocrx_word' id='word_1_214' title='bbox 809 4146 892 4209; x_wconf 63' lang='lat' dir='ltr'><strong>⁴eum</strong></span> <span class='ocrx_word' id='word_1_215' title='bbox 921 4146 1039 4209; x_wconf 82' lang='lat' dir='ltr'><strong>urgens</strong></span> <span class='ocrx_word' id='word_1_216' title='bbox 1066 4125 1242 4188; x_wconf 86' lang='lat' dir='ltr'><strong>necessitas</strong></span> <span class='ocrx_word' id='word_1_217' title='bbox 1269 4132 1302 4185; x_wconf 88' lang='lat' dir='ltr'><strong>et</strong></span> <span class='ocrx_word' id='word_1_218' title='bbox 1327 4120 1464 4187; x_wconf 83' lang='lat' dir='ltr'><strong>evidens</strong></span> <span class='ocrx_word' id='word_1_219' title='bbox 1490 4122 1612 4188; x_wconf 85' lang='lat' dir='ltr'><strong>utilitas</strong></span> <span class='ocrx_word' id='word_1_220' title='bbox 1636 4119 1664 4186; x_wconf 77' lang='lat' dir='ltr'><strong>id</strong></span> 
     </span>
     <span class='ocr_line' id='line_1_30' title="bbox 249 4221 1664 4311; baseline -0.001 -22"><span class='ocrx_word' id='word_1_221' title='bbox 249 4227 408 4311; x_wconf 87' lang='lat' dir='ltr'><strong>exposcit.</strong></span> <span class='ocrx_word' id='word_1_222' title='bbox 452 4221 548 4302; x_wconf 76' lang='lat' dir='ltr'><strong>Quod</strong></span> <span class='ocrx_word' id='word_1_223' title='bbox 579 4226 676 4288; x_wconf 87' lang='lat' dir='ltr'><strong>etiam</strong></span> <span class='ocrx_word' id='word_1_224' title='bbox 705 4224 793 4311; x_wconf 90' lang='lat' dir='ltr'><strong>apud</strong></span> <span class='ocrx_word' id='word_1_225' title='bbox 827 4226 953 4310; x_wconf 92' lang='lat' dir='ltr'><strong>priscos</strong></span> <span class='ocrx_word' id='word_1_226' title='bbox 984 4222 1185 4308; x_wconf 83' lang='lat' dir='ltr'><strong>legislatores</strong></span> <span class='ocrx_word' id='word_1_227' title='bbox 1216 4242 1451 4307; x_wconf 86' lang='lat' dir='ltr'><strong>saepenumero</strong></span> <span class='ocrx_word' id='word_1_228' title='bbox 1479 4232 1664 4310; x_wconf 78' lang='lat' dir='ltr'><strong>compertum</strong></span> 
     </span>
     <span class='ocr_line' id='line_1_31' title="bbox 206 4319 1665 4406; baseline -0.001 -17"><span class='ocrx_word' id='word_1_229' title='bbox 206 4333 314 4406; x_wconf 67' lang='lat' dir='ltr'><strong>illest,</strong></span> <span class='ocrx_word' id='word_1_230' title='bbox 343 4335 378 4388; x_wconf 93' lang='lat' dir='ltr'><strong>ut</strong></span> <span class='ocrx_word' id='word_1_231' title='bbox 401 4345 453 4404; x_wconf 87' lang='lat' dir='ltr'><strong>ea,</strong></span> <span class='ocrx_word' id='word_1_232' title='bbox 482 4324 646 4406; x_wconf 88' lang='lat' dir='ltr'><strong>quaerite</strong></span> <span class='ocrx_word' id='word_1_233' title='bbox 669 4333 807 4388; x_wconf 89' lang='lat' dir='ltr'><strong>etrecte</strong></span> <span class='ocrx_word' id='word_1_234' title='bbox 829 4331 949 4386; x_wconf 89' lang='lat' dir='ltr'><strong>statuta</strong></span> <span class='ocrx_word' id='word_1_235' title='bbox 971 4323 1069 4403; x_wconf 78' lang='lat' dir='ltr'><strong>tuere,</strong></span> <span class='ocrx_word' id='word_1_236' title='bbox 1099 4330 1173 4385; x_wconf 90' lang='lat' dir='ltr'><strong>ante</strong></span> <span class='ocrx_word' id='word_1_237' title='bbox 1195 4319 1295 4384; x_wconf 88' lang='lat' dir='ltr'><strong>multa</strong></span> <span class='ocrx_word' id='word_1_238' title='bbox 1316 4328 1470 4406; x_wconf 88' lang='lat' dir='ltr'><strong>tempora</strong></span> <span class='ocrx_word' id='word_1_239' title='bbox 1491 4323 1577 4388; x_wconf 85' lang='lat' dir='ltr'><strong>iusta</strong></span> <span class='ocrx_word' id='word_1_240' title='bbox 1595 4322 1665 4401; x_wconf 70' lang='lat' dir='ltr'><strong>viss,</strong></span> 
     </span>
     <span class='ocr_line' id='line_1_32' title="bbox 249 4420 1665 4506; baseline -0.001 -19"><span class='ocrx_word' id='word_1_241' title='bbox 249 4422 405 4489; x_wconf 90' lang='lat' dir='ltr'><strong>hodierna</strong></span> <span class='ocrx_word' id='word_1_242' title='bbox 435 4422 488 4486; x_wconf 91' lang='lat' dir='ltr'><strong>die</strong></span> <span class='ocrx_word' id='word_1_243' title='bbox 516 4424 550 4486; x_wconf 94' lang='lat' dir='ltr'><strong>in</strong></span> <span class='ocrx_word' id='word_1_244' title='bbox 578 4445 639 4486; x_wconf 92' lang='lat' dir='ltr'><strong>usu</strong></span> <span class='ocrx_word' id='word_1_245' title='bbox 665 4443 731 4486; x_wconf 89' lang='lat' dir='ltr'><strong>non</strong></span> <span class='ocrx_word' id='word_1_246' title='bbox 758 4432 832 4487; x_wconf 90' lang='lat' dir='ltr'><strong>sunt</strong></span> <span class='ocrx_word' id='word_1_247' title='bbox 859 4443 919 4485; x_wconf 88' lang='lat' dir='ltr'><strong>nee</strong></span> <span class='ocrx_word' id='word_1_248' title='bbox 946 4443 1006 4506; x_wconf 93' lang='lat' dir='ltr'><strong>pro</strong></span> <span class='ocrx_word' id='word_1_249' title='bbox 1035 4420 1161 4506; x_wconf 83' lang='lat' dir='ltr'><strong>legibus</strong></span> <span class='ocrx_word' id='word_1_250' title='bbox 1191 4430 1355 4503; x_wconf 74' lang='lat' dir='ltr'><strong>tenentur,</strong></span> <span class='ocrx_word' id='word_1_251' title='bbox 1386 4441 1502 4486; x_wconf 70' lang='lat' dir='ltr'><strong>vuum</strong></span> <span class='ocrx_word' id='word_1_252' title='bbox 1532 4420 1665 4488; x_wconf 86' lang='lat' dir='ltr'><strong>eoelestis</strong></span> 
     </span>
     <span class='ocr_line' id='line_1_33' title="bbox 250 4518 1664 4608; baseline -0.002 -21"><span class='ocrx_word' id='word_1_253' title='bbox 250 4523 409 4603; x_wconf 91' lang='lat' dir='ltr'><strong>dominus,</strong></span> <span class='ocrx_word' id='word_1_254' title='bbox 432 4543 515 4608; x_wconf 90' lang='lat' dir='ltr'><strong>quae</strong></span> <span class='ocrx_word' id='word_1_255' title='bbox 536 4522 570 4585; x_wconf 94' lang='lat' dir='ltr'><strong>in</strong></span> <span class='ocrx_word' id='word_1_256' title='bbox 592 4522 695 4585; x_wconf 89' lang='lat' dir='ltr'><strong>veteri</strong></span> <span class='ocrx_word' id='word_1_257' title='bbox 715 4530 907 4585; x_wconf 87' lang='lat' dir='ltr'><strong>testamento</strong></span> <span class='ocrx_word' id='word_1_258' title='bbox 928 4521 1049 4602; x_wconf 88' lang='lat' dir='ltr'><strong>statuit,</strong></span> <span class='ocrx_word' id='word_1_259' title='bbox 1070 4518 1225 4584; x_wconf 89' lang='lat' dir='ltr'><strong>nonnulla</strong></span> <span class='ocrx_word' id='word_1_260' title='bbox 1245 4522 1279 4584; x_wconf 90' lang='lat' dir='ltr'><strong>in</strong></span> <span class='ocrx_word' id='word_1_261' title='bbox 1296 4540 1383 4584; x_wconf 89' lang='lat' dir='ltr'><strong>novo</strong></span> <span class='ocrx_word' id='word_1_262' title='bbox 1400 4522 1551 4586; x_wconf 84' lang='lat' dir='ltr'><strong>mutavit</strong></span> <span class='ocrx_word' id='word_1_263' title='bbox 1577 4521 1664 4585; x_wconf 70' lang='lat' dir='ltr'><strong>liuni-</strong></span> 
     </span>
     <span class='ocr_line' id='line_1_34' title="bbox 248 4617 1663 4706; baseline -0.003 -20"><span class='ocrx_word' id='word_1_264' title='bbox 248 4646 335 4705; x_wconf 88' lang='lat' dir='ltr'><strong>rum,</strong></span> <span class='ocrx_word' id='word_1_265' title='bbox 363 4621 448 4705; x_wconf 90' lang='lat' dir='ltr'><strong>quod</strong></span> <span class='ocrx_word' id='word_1_266' title='bbox 475 4619 614 4684; x_wconf 87' lang='lat' dir='ltr'><strong>facultas</strong></span> <span class='ocrx_word' id='word_1_267' title='bbox 642 4624 759 4685; x_wconf 89' lang='lat' dir='ltr'><strong>artium</strong></span> <span class='ocrx_word' id='word_1_268' title='bbox 766 4670 775 4703; x_wconf 99' lang='lat'><strong>,</strong></span> <span class='ocrx_word' id='word_1_269' title='bbox 805 4630 908 4684; x_wconf 88' lang='lat' dir='ltr'><strong>mater</strong></span> <span class='ocrx_word' id='word_1_270' title='bbox 937 4619 1074 4684; x_wconf 88' lang='lat' dir='ltr'><strong>aliarum</strong></span> <span class='ocrx_word' id='word_1_271' title='bbox 1102 4619 1304 4702; x_wconf 85' lang='lat' dir='ltr'><strong>facultatum,</strong></span> <span class='ocrx_word' id='word_1_272' title='bbox 1326 4617 1439 4706; x_wconf 85' lang='lat' dir='ltr'><strong>aliqua</strong></span> <span class='ocrx_word' id='word_1_273' title='bbox 1468 4619 1663 4687; x_wconf 82' lang='lat' dir='ltr'><strong>reformatis</strong></span> 
     </span>
     <span class='ocr_line' id='line_1_35' title="bbox 251 4717 1662 4808; baseline 0.001 -24"><span class='ocrx_word' id='word_1_274' title='bbox 251 4720 374 4802; x_wconf 91' lang='lat' dir='ltr'><strong>melius,</strong></span> <span class='ocrx_word' id='word_1_275' title='bbox 395 4721 472 4808; x_wconf 90' lang='lat' dir='ltr'><strong>quia</strong></span> <span class='ocrx_word' id='word_1_276' title='bbox 494 4717 636 4806; x_wconf 90' lang='lat' dir='ltr'><strong>plurima</strong></span> <span class='ocrx_word' id='word_1_277' title='bbox 656 4722 789 4807; x_wconf 88' lang='lat' dir='ltr'><strong>antiqua</strong></span> <span class='ocrx_word' id='word_1_278' title='bbox 809 4729 929 4784; x_wconf 88' lang='lat' dir='ltr'><strong>statuta</strong></span> <span class='ocrx_word' id='word_1_279' title='bbox 950 4720 983 4782; x_wconf 93' lang='lat' dir='ltr'><strong>in</strong></span> <span class='ocrx_word' id='word_1_280' title='bbox 1000 4717 1253 4784; x_wconf 87' lang='lat' dir='ltr'><strong>dissuetudinem</strong></span> <span class='ocrx_word' id='word_1_281' title='bbox 1274 4717 1427 4783; x_wconf 87' lang='lat' dir='ltr'><strong>abierunt</strong></span> <span class='ocrx_word' id='word_1_282' title='bbox 1446 4730 1482 4784; x_wconf 86' lang='lat' dir='ltr'><strong>et</strong></span> <span class='ocrx_word' id='word_1_283' title='bbox 1502 4720 1662 4786; x_wconf 74' lang='lat' dir='ltr'><strong>novissim</strong></span> 
     </span>
    </p>
   </div>
   <div class='ocr_carea' id='block_1_13' title="bbox 252 4980 1660 5225">
    <p class='ocr_par' dir='ltr' id='par_1_16' title="bbox 252 4980 1660 5225">
     <span class='ocr_line' id='line_1_36' title="bbox 310 4980 1660 5055; baseline -0.003 -15"><span class='ocrx_word' id='word_1_284' title='bbox 310 5005 313 5012; x_wconf 70' lang='lat'><strong><em>¹</em></strong></span> <span class='ocrx_word' id='word_1_285' title='bbox 337 4991 346 5040; x_wconf 82' lang='lat'>1</span> <span class='ocrx_word' id='word_1_286' title='bbox 367 4984 509 5040; x_wconf 85' lang='lat' dir='ltr'><strong>Hismaeh</strong></span> <span class='ocrx_word' id='word_1_287' title='bbox 527 5002 580 5038; x_wconf 81' lang='lat' dir='ltr'><strong>von</strong></span> <span class='ocrx_word' id='word_1_288' title='bbox 602 4987 723 5055; x_wconf 75' lang='lat' dir='ltr'><strong>rpiiterer</strong></span> <span class='ocrx_word' id='word_1_289' title='bbox 737 4984 822 5039; x_wconf 85' lang='lat' dir='ltr'><strong>Hand</strong></span> <span class='ocrx_word' id='word_1_290' title='bbox 841 4983 901 5039; x_wconf 87' lang='lat' dir='ltr'><strong>eine</strong></span> <span class='ocrx_word' id='word_1_291' title='bbox 912 4982 1092 5055; x_wconf 82' lang='lat' dir='ltr'><strong>Verweisung</strong></span> <span class='ocrx_word' id='word_1_292' title='bbox 1112 4983 1164 5039; x_wconf 80' lang='lat' dir='ltr'><strong>auf</strong></span> <span class='ocrx_word' id='word_1_293' title='bbox 1178 4985 1233 5038; x_wconf 89' lang='lat' dir='ltr'><strong>den</strong></span> <span class='ocrx_word' id='word_1_294' title='bbox 1249 4982 1501 5041; x_wconf 73' lang='lat' dir='ltr'><strong>Zmatabeschluss</strong></span> <span class='ocrx_word' id='word_1_295' title='bbox 1515 5000 1576 5041; x_wconf 82' lang='lat' dir='ltr'><strong>rom</strong></span> <span class='ocrx_word' id='word_1_296' title='bbox 1590 4980 1660 5038; x_wconf 72' lang='lat' dir='ltr'><strong>lure</strong></span> 
     </span>
     <span class='ocr_line' id='line_1_37' title="bbox 253 5065 1659 5142; baseline 0.001 -21"><span class='ocrx_word' id='word_1_297' title='bbox 253 5072 328 5123; x_wconf 78' lang='lat'>1512:</span> <span class='ocrx_word' id='word_1_298' title='bbox 364 5071 494 5124; x_wconf 81' lang='lat' dir='ltr'><strong>Addotur</strong></span> <span class='ocrx_word' id='word_1_299' title='bbox 510 5077 637 5124; x_wconf 72' lang='lat' dir='ltr'><strong>mactum</strong></span> <span class='ocrx_word' id='word_1_300' title='bbox 652 5070 774 5140; x_wconf 78' lang='lat' dir='ltr'><strong>positam</strong></span> <span class='ocrx_word' id='word_1_301' title='bbox 791 5070 820 5121; x_wconf 82' lang='lat' dir='ltr'><strong>ia</strong></span> <span class='ocrx_word' id='word_1_302' title='bbox 836 5071 895 5136; x_wconf 80' lang='lat' dir='ltr'><strong>fine</strong></span> <span class='ocrx_word' id='word_1_303' title='bbox 908 5076 975 5138; x_wconf 82' lang='lat' dir='ltr'><strong>post</strong></span> <span class='ocrx_word' id='word_1_304' title='bbox 989 5075 1091 5122; x_wconf 73' lang='lat' dir='ltr'><strong>stomtc</strong></span> <span class='ocrx_word' id='word_1_305' title='bbox 1107 5069 1254 5137; x_wconf 68' lang='lat' dir='ltr'><strong>muprbtros</strong></span> <span class='ocrx_word' id='word_1_306' title='bbox 1273 5072 1480 5139; x_wconf 68' lang='lat' dir='ltr'><strong>coarmata,</strong></span> <span class='ocrx_word' id='word_1_307' title='bbox 1501 5071 1574 5142; x_wconf 70' lang='lat' dir='ltr'><strong>quod</strong></span> <span class='ocrx_word' id='word_1_308' title='bbox 1587 5075 1621 5123; x_wconf 70' lang='lat' dir='ltr'><strong>at</strong></span> <span class='ocrx_word' id='word_1_309' title='bbox 1633 5065 1659 5118; x_wconf 81' lang='lat' dir='ltr'><strong>dt</strong></span> 
     </span>
     <span class='ocr_line' id='line_1_38' title="bbox 252 5153 1531 5225; baseline 0.003 -17"><span class='ocrx_word' id='word_1_310' title='bbox 252 5169 291 5222; x_wconf 77' lang='lat' dir='ltr'><strong>eo,</strong></span> <span class='ocrx_word' id='word_1_311' title='bbox 310 5155 384 5222; x_wconf 71' lang='lat' dir='ltr'><strong>qraod</strong></span> <span class='ocrx_word' id='word_1_312' title='bbox 398 5154 570 5209; x_wconf 74' lang='lat' dir='ltr'><strong>sclaoloeticis</strong></span> <span class='ocrx_word' id='word_1_313' title='bbox 588 5164 613 5208; x_wconf 83' lang='lat' dir='ltr'><strong>et</strong></span> <span class='ocrx_word' id='word_1_314' title='bbox 630 5154 819 5208; x_wconf 78' lang='lat' dir='ltr'><strong>bareoluoruis</strong></span> <span class='ocrx_word' id='word_1_315' title='bbox 833 5162 857 5206; x_wconf 86' lang='lat' dir='ltr'><strong>st</strong></span> <span class='ocrx_word' id='word_1_316' title='bbox 875 5155 1037 5224; x_wconf 62' lang='lat' dir='ltr'><strong>carthadam</strong></span> <span class='ocrx_word' id='word_1_317' title='bbox 1053 5153 1121 5207; x_wconf 78' lang='lat' dir='ltr'><strong>aliis</strong></span> <span class='ocrx_word' id='word_1_318' title='bbox 1133 5153 1245 5225; x_wconf 80' lang='lat' dir='ltr'><strong>publice</strong></span> <span class='ocrx_word' id='word_1_319' title='bbox 1261 5154 1349 5224; x_wconf 72' lang='lat' dir='ltr'><strong>lepore</strong></span> <span class='ocrx_word' id='word_1_320' title='bbox 1365 5156 1531 5212; x_wconf 75' lang='lat' dir='ltr'><strong>aon&#39;ls&#39;ccat</strong></span> 
     </span>
    </p>
   </div>
   <div class='ocr_carea' id='block_1_14' title="bbox 0 0 1882 6150">
    <p class='ocr_par' dir='ltr' id='par_1_17' title="bbox 0 0 1882 6150">
     <span class='ocr_line' id='line_1_39' title="bbox 0 0 1882 6150; baseline 0 0"><span class='ocrx_word' id='word_1_321' title='bbox 0 0 1882 6150; x_wconf 95' lang='lat' dir='ltr'><strong> </strong></span> 
     </span>
    </p>
   </div>
  </div>
 </body>
</html>
