3756 6158
242 494 302 563 482
737 489 788 544 Die
807 492 1025 558 philosophische
1043 490 1170 546 Facultist.

251 678 358 743 nullus
391 675 539 740 decetero
571 674 686 739 debet·
701 674 829 740 admitti
856 674 899 741 ad
927 697 1064 740 examen
1097 673 1336 738 baccalariatus
1366 675 1399 737 in
1432 673 1576 757 artibus,
1612 676 1674 738 nisi

243 789 389 862 tempore
411 774 671 860 dispensacionis
695 774 783 839 dicat
803 776 837 838 in
858 775 1082 839 consciencia¹
1096 796 1164 854 sua,
1177 772 1264 858 quod
1280 771 1399 836 nullam
1417 773 1553 838 totalem
1565 772 1672 838 lectio·

244 898 328 951 nem,
351 876 512 959 integrum
530 875 725 937 exercicium
745 883 801 937 aut
818 875 1068 959 resumptionem
1083 872 1246 936 facultatis
1261 872 1373 936 audire
1384 872 1530 958 neglexit
1543 885 1576 938 et
1587 872 1672 960 quod

243 975 376 1055 tociens,
398 974 552 1059 quociens
565 970 721 1055 debuerit,
747 971 912 1037 ordinarie
933 984 999 1037 tam
1021 973 1187 1058 magistris
1210 994 1304 1056 quam
1324 970 1522 1036 baccalariis
1537 995 1667 1058 respon-

203 1084 219 1138 5
247 1073 341 1155 derit,
364 1074 427 1137 nisi
450 1071 599 1158 specifice
621 1094 719 1158 super
740 1071 801 1136 hoc
822 1094 929 1136 secum
952 1073 1047 1135 fuerit
1068 1069 1308 1157 dispensatum3
1330 1082 1362 1134 et
1383 1071 1472 1156 quod
1494 1070 1670 1156 quemlibet

246 1173 453 1257 magistrum,
486 1192 507 1233 a
540 1192 605 1257 quo
634 1170 803 1235 lectionem
831 1171 882 1236 vel
909 1173 1101 1236 exercitium
1130 1170 1270 1252 audivit,
1298 1181 1485 1247 contentum
1505 1171 1595 1235 fecit
1635 1168 1669 1234 si

247 1293 326 1336 vero
348 1271 506 1335 defectum
530 1270 625 1334 unius
648 1270 795 1356 integrae
814 1266 899 1358 [28¹²]
919 1270 1028 1335 totalis
1051 1269 1213 1351 lectionis,
1234 1270 1406 1351 exercicii,
1439 1271 1672 1356 resumptionis

246 1393 303 1434 seu
328 1369 549 1455 responsionis
571 1366 758 1434 ordinariae
777 1368 944 1452 habuerit,
977 1371 1082 1456 signet
1108 1369 1216 1454 ipsum
1237 1371 1271 1434 in
1293 1368 1390 1435 dorso
1413 1368 1569 1434 scedulae
1596 1389 1671 1432 suae

248 1468 471 1555 completionis
492 1490 567 1533 cum
588 1490 688 1532 causa
707 1491 772 1533 non
793 1467 978 1549 auditionis,
1001 1490 1100 1553 quam
1122 1469 1148 1532 si
1169 1468 1305 1533 facultas
1328 1468 1438 1556 aliquo
1462 1466 1563 1533 modo
1584 1466 1672 1553 legit·

207 1580 239 1634 10
247 1571 360 1633 timam
381 1579 413 1632 et
434 1566 664 1633 racionabilem
689 1568 858 1649 censuerit,
881 1566 1047 1656 dispenset
1066 1590 1173 1631 secum
1194 1569 1288 1631 iuxta
1300 1567 1443 1632 defectus
1457 1569 1669 1654 quantitatem

183 1726 189 1738 Χ
248 1677 280 1731 et
298 1665 496 1752 qualitatem.

290 1871 317 1930 t.
340 1883 387 1929 nn
409 1882 510 1930 nono
532 1881 708 1930 sonvnnnr
728 1882 868 1931 rssrou
887 1882 955 1929 run
973 1880 1280 1931 saccmmuunos
1302 1869 1370 1931 rso
1391 1883 1636 1947 memoremus,

547 1982 743 2031 nxeucrcns
765 1983 809 2030 nr
831 1979 1130 2030 nnsourmonrnus
1151 1982 1376 2031 recunrarrs.

838 2114 897 2179 vgr.
918 2116 1069 2179 rursus

210 2256 241 2312 15
336 2246 483 2327 Quilibet
501 2245 773 2312 baccalariandus
794 2246 828 2309 in
848 2244 972 2311 artibus
995 2245 1092 2312 debet
1113 2246 1323 2312 effectualiter
1343 2270 1404 2336 pro
1427 2246 1624 2313 lectionibus
1643 2256 1670 2312 et

251 2347 432 2426 exerciciis,
455 2368 514 2432 pro
534 2344 640 2432 gradu
660 2343 898 2410 baccalariatus
918 2368 978 2432 per
1000 2368 1072 2411 eum
1098 2345 1239 2428 auditis,
1265 2347 1463 2417 satisfecisse
1491 2349 1586 2413 iuxta
1612 2357 1667 2412 sta·

248 2456 319 2510 tuta
340 2468 448 2511 coram
471 2445 595 2509 decano
627 2453 659 2508 et
691 2444 758 2509 suis
780 2445 1001 2528 taxatoribus,
1034 2445 1094 2510 sub
1117 2467 1221 2532 poena
1239 2468 1302 2510 non
1326 2448 1602 2532 computacionis.
1637 2446 1667 2511 si

250 2555 358 2608 tamen
380 2543 498 2633 aliquis
521 2534 641 2627 eorum,
664 2543 820 2630 legittimo
842 2543 1073 2630 impedimento
1096 2546 1344 2626 interveniente,
1375 2544 1416 2609 de
1438 2568 1504 2633 quo
1526 2555 1667 2611 constare

251 2644 379 2730 poterit,
402 2653 477 2709 ante
498 2642 594 2706 finem
615 2653 744 2708 actuum
767 2641 988 2729 completionis
1015 2666 1081 2709 non
1111 2645 1318 2727 satisfecerit,
1338 2643 1507 2710 tollerabit
1528 2645 1666 2728 factdtes,

209 2743 336 2828 20quod
356 2742 463 2808 adhuc
485 2742 545 2807 sub
565 2744 628 2808 isto
650 2741 819 2822 decanatu,
842 2740 902 2807 sub
924 2764 986 2828 quo
1005 2742 1191 2808 huiusmodi
1213 2753 1305 2809 actus
1331 2744 1485 2827 audierit,
1511 2744 1665 2831 usquead

251 2852 437 2928 computum
458 2841 601 2906 eiusdem
624 2841 740 2906 decani
762 2841 951 2905 satisfacere
969 2843 1096 2928 poterit.
1141 2841 1185 2906 Et
1206 2865 1375 2908 successor
1398 2842 1538 2909 alicuius
1561 2843 1664 2909 decan

250 2962 455 3028 nequaquam
486 2940 625 3028 aliquem
659 2938 702 3005 od
731 2938 851 3003 librum
873 2940 1102 3027 complentium
1121 2941 1283 3005 facultatis
1315 2942 1492 3026 inscribat,
1526 2945 1582 3030 qui
1613 2941 1664 3006 sub

253 3038 359 3104 officio
383 3039 644 3127 praedecessoris
659 3038 722 3102 sui
751 3048 863 3103 contra
890 3039 1013 3105 'statuta
1034 3039 1196 3104 facultatis
1218 3041 1410 3106 satisfacere
1428 3044 1564 3113 minime
1584 3064 1663 3106 cura·

249 3139 307 3221 vit,
330 3137 392 3204 sub
415 3139 524 3205 debito
546 3139 694 3226 praestiti
714 3138 888 3202 iuramenti
909 3148 1054 3224 tempore
1077 3138 1243 3205 electionis
1267 3161 1345 3205 suae
1367 3141 1401 3204 in
1423 3140 1593 3206 decanum.

210 3367 243 3421 25
289 3363 319 3424 8·
344 3376 515 3436 QUANTUM
536 3374 709 3423 TEMPORIS
729 3373 808 3434 QUIS
830 3374 867 3420 IN
889 3373 967 3421 ISTA
987 3376 1240 3424 vulvuaslrsru
1262 3378 1354 3424 ANTE
1377 3341 1630 3428 rnouo'rlortuu

670 3472 954 3523 succensemus
976 3473 1086 3522 STARE
1106 3476 1255 3524 DEBEAT.

857 3592 918 3654 vgl.
937 3593 1011 3651 nul,
1028 3593 1064 3644 12.

340 3722 455 3789 Nullus
478 3721 574 3787 debet
595 3721 723 3786 admitti
746 3721 789 3786 ad
810 3745 948 3788 examen
969 3747 1028 3811 pro
1049 3723 1155 3811 gradu
1176 3725 1426 3809 baccalariatus,
1448 3727 1505 3812 qui
1528 3727 1657 3814 priusiu

254 3823 320 3889 alia
348 3824 560 3887 universitate
577 3844 641 3887 non
662 3823 767 3904 stetit,
795 3824 858 3887 nisi
887 3823 1036 3888 adminus
1063 3826 1097 3888 in
1119 3827 1182 3889 ista
1202 3827 1414 3890 universitate
1436 3829 1564 3891 steterit
1584 3825 1661 3913 quasi

209 3932 243 3986 30
255 3922 298 3987 ad
320 3921 455 4004 alterum
480 3921 649 3986 dimidium
672 3944 800 3986 annum.
842 3920 886 3986 Et
907 3922 968 3988 hoc
993 3915 1113 4010 ‘quasi'
1142 3946 1206 3988 non
1228 3924 1377 3988 diminuit
1403 3925 1477 4011 plus
1500 3949 1596 4013 quam
1615 3947 1660 3989 sex

256 4022 464 4107 septimanas.

294 4221 322 4283 9.
350 4235 525 4295 overrun
539 4235 713 4283 reuectus
733 4205 938 4284 sxrslnsus
958 4200 1152 4284 sevnumns
1173 4235 1265 4284 anre
1287 4238 1580 4289 succensemus
1600 4243 1630 4288 m

641 4334 719 4381 1srs
740 4335 991 4384 curvussmsrr
1014 4336 1121 4384 suasu
1142 4336 1292 4384 ncesse.

793 4468 797 4472 ’
854 4454 916 4516 vgt.
933 4454 1010 4514 xm,
1033 4456 1070 4508 1³.

210 4594 243 4650 35
337 4582 452 4648 Nullus
474 4583 607 4646 veniens
639 4582 679 4647 de
707 4582 772 4646 alia
801 4585 1012 4649 universitate
1033 4585 1076 4650 ad
1098 4586 1194 4650 istam
1215 4592 1400 4672 promoveri
1422 4591 1522 4658 debet
1542 4592 1583 4657 ad
1601 4612 1661 4677 gra-

254 4684 329 4748 dum
350 4682 599 4762 baccalariatus,
619 4682 682 4745 nisi
700 4684 792 4768 prius
812 4685 936 4748 steterit
952 4685 986 4750 in
1004 4687 1068 4749 ista
1079 4688 1293 4750 universitate
1309 4711 1369 4774 per
1387 4691 1531 4757 medium
1549 4712 1661 4769 anuum,

255 4793 288 4846 et
319 4782 492 4846 dummodo
520 4781 714 4846 sufficientes
749 4783 998 4848 informaciones
1025 4785 1137 4850 fecerit
1166 4785 1206 4850 de
1238 4786 1403 4854 auditione
1432 4789 1588 4857 librorum
1612 4809 1660 4876 pro

255 4881 359 4966 gradu
380 4883 414 4945 in
436 4881 501 4945 alia
519 4881 740 4945 universitate.
1102 4881 1106 4898 ²

304 5149 313 5197 1
339 5144 391 5198 Am
412 5144 509 5198 Raude
527 5143 666 5216 obliyact'o
685 5148 832 5201 iuramenti
848 5149 957 5204 meua
973 5159 1012 5205 eat
1027 5151 1135 5206 decreto
1150 5153 1297 5220 factitatis
1317 5159 1390 5212 1520.
