3756 6158
250 457 310 527 490
771 467 821 516 Die
841 467 1060 532 philosophischc
1080 467 1207 518 Faculttit

248 651 384 723 constat,
406 641 464 706 sub
482 667 539 709 suo
557 645 736 713 iuramento
757 648 887 714 realiter
909 649 1084 714 secundum
1104 660 1248 715 tenorem
1270 661 1465 718 statutorum
1489 658 1618 741 punire,
1641 658 1674 722 in

249 763 311 826 quo
334 743 431 806 etiam
452 743 589 809 facultas
612 748 731 812 artium
754 749 815 814 sibi
838 750 992 814 assistere
1011 758 1137 814 tenetur
1160 773 1231 815 eum
1254 752 1400 816 effectu¹

519 902 548 961 2.
571 915 664 962 mam
684 918 852 964 suomuor
873 918 942 965 ruo
963 917 1082 966 oasou
1102 916 1395 966 ssccsnssmrus.

330 1025 424 1091 Libri
459 1027 503 1095 ad
534 1028 674 1115 gradum
712 1031 949 1098 baccalariatus
981 1031 1133 1097 audiendi
1168 1035 1222 1098 isti
1255 1042 1337 1098 sunt.
1385 1034 1669 1120 Physicorum

204 1132 220 1187 5
251 1135 402 1211 quattuor
431 1124 506 1191 libri
536 1126 648 1215 primi,
675 1141 707 1196 et
732 1130 793 1195 hoc
824 1134 956 1197 aestatis
977 1143 1135 1216 tempore,
1157 1142 1213 1196 aut
1234 1143 1370 1219 quatuor
1391 1133 1517 1218 ultimi,
1546 1144 1578 1200 et
1607 1136 1667 1200 hoc

249 1224 370 1308 hieme,
400 1229 600 1314 priorum,
629 1233 920 1316 posteriorum,
954 1230 1231 1314 elenchorum,
1267 1255 1390 1319 spera
1410 1234 1665 1318 materialis,

251 1325 493 1391 Priscianus
515 1350 571 1394 seu
593 1327 658 1394 alia
685 1332 861 1396 communis
888 1331 1120 1416 grammatica,
1148 1331 1415 1418 Porphirius:
1448 1333 1669 1420 praedica-

247 1435 395 1508 menta,
430 1450 498 1491 sex
521 1430 749 1515 principia,
779 1432 867 1517 peri
890 1430 1166 1512 hermeneias,
1197 1429 1348 1495 Petrus
1370 1430 1671 1518 Hispanus,dc

247 1527 398 1608 anima;
441 1536 473 1590 et
506 1526 619 1591 diebus
651 1527 820 1594 dominicis
846 1553 885 1594 ac
912 1531 1003 1595 festis
1031 1529 1175 1594 modus
1204 1529 1267 1594 vel
1286 1531 1380 1594 ars²
1402 1531 1668 1618 epistolandi

216 1634 330 1688 locum
353 1626 657 1713 exemplaribus
680 1629 872 1714 epistolis
892 1640 947 1694 aut
973 1628 1281 1714 elegantiarum
1309 1632 1574 1716 praeceptis:
1617 1634 1667 1718 qni

252 1745 363 1788 omnes
390 1725 540 1810 legrmtur
571 1748 592 1789 a
617 1728 792 1813 magistris.
835 1729 1025 1795 Donatus
1057 1728 1201 1810 minor,
1243 1738 1384 1814 partes
1415 1727 1667 1812 Alexandri,

255 1822 454 1906 Florista,
489 1838 721 1912 computus,
757 1827 1028 1914 algorithmus
1057 1838 1089 1892 et
1110 1826 1227 1913 aliquis
1249 1826 1361 1892 liber
1382 1829 1424 1891 in
1444 1828 1668 1895 rethorica:

250 1932 281 1986 et
303 1922 453 2008 leguntur
475 1947 533 2012 per
554 1925 757 1992 baccalarios
778 1938 925 2015 tempore
946 1926 1188 1993 canicularium.

426 2077 456 2139 3.
477 2093 524 2140 DE
544 2094 737 2143 exissemus
759 2096 828 2144 PRO
849 2095 968 2143 GRADU
987 2094 1274 2144 Baccsnsamrus
1294 2095 1496 2145 tuomum&

209 2214 239 2268 15
333 2204 446 2271 Nullus
469 2207 566 2272 debet
587 2209 715 2275 admitti
732 2211 775 2276 ad
798 2234 934 2276 examen
964 2209 1200 2276 baecalariatus
1232 2211 1266 2274 in
1297 2211 1441 2294 artibus,
1482 2213 1547 2276 nisi
1581 2214 1664 2300 prius

254 2306 377 2368 steterit
399 2306 433 2369 in
453 2309 617 2372 exercitiis
638 2311 672 2373 in
692 2310 778 2375 hune
800 2310 945 2376 modum:
974 2309 1071 2374 semel
1098 2309 1132 2373 in
1153 2311 1265 2396 parvis
1286 2309 1483 2396 logicalihus
1504 2309 1662 2391 adminus;

250 2402 347 2466 semel
368 2405 403 2469 in
424 2405 611 2492 sophistria,
634 2408 705 2474 loco
727 2411 817 2474 cuius
840 2411 958 2495 poterit
978 2410 1092 2474 audire
1115 2431 1219 2495 parva
1239 2407 1409 2494 logicalia3
1439 2409 1491 2474 bis
1514 2410 1549 2474 in
1569 2412 1661 2474 veteri

248 2510 327 2581 arte,
352 2503 449 2568 semel
472 2528 544 2570 cum
567 2505 706 2589 decano,
738 2506 835 2573 semel
860 2532 933 2573 cum
961 2508 1024 2574 alio
1046 2510 1218 2594 magistr03
1262 2507 1359 2572 semel
1380 2509 1415 2571 in
1434 2531 1521 2573 nova
1543 2507 1658 2595 logica,

248 2600 346 2664 semel
366 2603 399 2664 in
415 2603 622 2690 physicorum
645 2617 678 2671 et
699 2607 796 2671 semel
818 2609 853 2672 in
874 2608 914 2673 de
940 2610 1056 2673 anima.
1098 2607 1141 2672 Et
1172 2629 1232 2692 pro
1261 2617 1409 2693 tempore
1441 2629 1509 2672 non
1547 2607 1657 2673 habeat

206 2697 341 2784 20plura
362 2704 525 2768 exercicia
546 2728 641 2792 quam
663 2706 736 2788 duo,
759 2717 898 2793 excepta
920 2706 1108 2793 sophistria,
1133 2706 1205 2772 loco
1226 2707 1318 2771 cuius
1342 2705 1540 2771 exercicium
1553 2730 1658 2793 parvo·

247 2821 319 2863 rum
342 2799 526 2887 logicalium
547 2826 606 2890 pro
628 2807 728 2869 tercio
751 2808 911 2872 exercicio
933 2806 1046 2871 audire
1068 2807 1140 2891 quis
1162 2806 1290 2891 poterit

525 2959 553 3018 4.
574 2972 669 3020 LIBRI
689 2973 859 3021 AUDIRNDI
881 2974 950 3022 PRO
970 2972 1182 3023 msalsrsmo
1205 2973 1294 3020 SUNT
1314 2972 1395 3020 lam.

330 3084 422 3149 Libri
444 3085 488 3149 ad
507 3085 645 3172 gradum
667 3089 847 3172 magisterii
867 3088 1019 3154 audiendi
1041 3100 1116 3153 sunt
1134 3089 1195 3154 isti.
1237 3087 1367 3153 Vetus
1398 3109 1465 3151 ars
1497 3097 1534 3152 ut
1565 3088 1654 3153 Por·

249 3184 427 3271 phirius:
449 3184 801 3272 praedicamenta,
825 3191 1134 3276 sexprinoipia,
1157 3185 1536 3274 perihermeneias,
1556 3187 1657 3274 prio·

206 3294 353 3367 torum,
381 3286 671 3371 posteriorum,
705 3285 791 3374 [33¹³]
821 3289 1062 3374 topicorum,
1084 3287 1330 3368 elericorum,
1352 3282 1509 3349 musica
1536 3285 1657 3364 Muris,

248 3384 460 3449 theoricae
485 3384 756 3469 planetarum,
779 3386 1040 3451 arithmetica
1062 3386 1286 3452 communis
1307 3394 1340 3449 et
1361 3384 1527 3471 quaelihet
1558 3384 1657 3449 harum

248 3485 346 3547 trium
366 3497 414 3547 est
438 3505 649 3566 concurrens3
681 3485 963 3571 physicorum,
996 3484 1041 3550 de
1063 3486 1348 3572 generatione,
1373 3482 1421 3547 dc
1445 3482 1575 3565 coelo,
1595 3504 1656 3546 me·

247 3595 457 3663 teororum,
481 3582 526 3647 de
549 3584 1026 3672 animamethsphysica,
1050 3585 1196 3666 ethica,
1220 3582 1403 3670 politica,
1422 3584 1657 3659 economica,

247 3680 458 3764 Euclides,
477 3685 759 3768 perspectiva,
788 3682 1001 3749 rhetorica
1030 3683 1162 3749 Tullii
1195 3693 1251 3748 aut
1275 3681 1489 3746 rhetorica
1508 3681 1657 3746 Aristo·

206 3781 346 3846 30telis
368 3791 403 3845 ut
424 3791 662 3845 concurrentes.

570 3939 597 3998 5.
625 3949 671 3995 DE
692 3949 886 3997 RXERCICIIS
909 3950 976 3996 PRO
1000 3948 1211 3997 MAGISTERIO
1230 3945 1430 3996 AUDIRNDIS.

330 4064 444 4129 Nullus
466 4063 562 4129 debet
580 4063 707 4128 admitti
728 4065 771 4128 ad
801 4073 998 4151 temptamen
1027 4088 1085 4151 pro
1115 4064 1221 4150 gradu
1254 4063 1456 4148 magisterii,
1487 4064 1553 4128 nisi
1582 4065 1660 4150 prius

248 4166 372 4230 steterit
391 4165 424 4227 in
447 4165 616 4228 exerciciis
639 4163 849 4251 subscriptis,
880 4164 1003 4228 scilicet
1029 4163 1273 4249 metaphysicae
1295 4184 1369 4225 cum
1393 4163 1659 4242 uicecancellario,

247 4265 366 4330 veteris
387 4265 466 4328 artis
487 4286 558 4327 cum
581 4263 713 4344 decano,
736 4264 946 4349 physicorum
967 4274 999 4327 et
1020 4286 1124 4328 novae
1144 4262 1269 4347 logicae
1291 4283 1365 4324 cum
1388 4284 1586 4351 quocunque
1604 4285 1661 4326 ma·

206 4377 239 4432 35
247 4368 424 4450 gistrorum
432 4412 440 4444 ,
472 4385 555 4449 quae
583 4370 656 4425 sunt
685 4363 904 4444 necessitatis,
941 4384 1115 4447 parvorum
1139 4358 1333 4425 naturalium
1355 4364 1389 4425 in
1413 4368 1540 4426 aestate
1561 4359 1608 4424 vel
1627 4359 1660 4422 de

248 4465 457 4549 generatione
477 4462 510 4524 in
535 4461 638 4539 hieme
661 4484 720 4547 pro
743 4484 821 4542 uno,
851 4460 1027 4548 dequibus
1053 4461 1175 4526 ultimis
1203 4457 1330 4524 duobus
1367 4482 1468 4524 unum
1496 4458 1658 4525 secundum

249 4563 404 4650 placitum
426 4560 532 4625 audiri
555 4571 669 4646 potest.
691 4560 896 4625 Exercicium
920 4560 1097 4625 ethicorum
1113 4583 1184 4624 cum
1195 4556 1333 4623 lectione
1346 4559 1515 4643 coincidit,
1536 4555 1659 4646 eoquod

247 4663 343 4727 lectio
364 4661 544 4726 ethicorum
566 4682 625 4745 pro
640 4661 811 4741 exercicio,
833 4660 919 4747 quod
939 4682 997 4745 per
1012 4659 1233 4725 conclusiones
1247 4656 1423 4744 diligenter
1434 4659 1564 4746 legitur,
1586 4679 1658 4724 com·

250 4763 357 4849 putari
380 4760 483 4826 dehet.

335 4982 347 5032 1
366 4977 421 5031 Am
438 4975 547 5030 Raude:
569 4977 639 5031 Vide
654 4995 727 5031 ariao
748 4979 820 5030 1520.

333 5065 348 5114 2
366 5059 495 5133 Aniangs
513 5076 570 5114 war
586 5060 765 5132 geschrieben
782 5063 891 5114 mortim
908 5061 952 5115 vel
968 5068 1061 5128 artem,
1079 5057 1150 5114 doch
1168 5056 1242 5113 ward
1259 5074 1289 5113 ee
1307 5060 1403 5128 spiter
1423 5059 1554 5131 corrigirt
1567 5057 1594 5112 in
1609 5072 1652 5109 ac

246 5145 297 5197 dua
314 5145 356 5198 vel
374 5162 429 5198 ars.
