3810 6150
584 444 718 497 narrasse
733 459 782 496 aus
800 447 852 497 dau
873 444 976 496 achran
995 442 1167 497 tale-1446.
1533 445 1593 511 359

673 632 701 693 2
726 645 774 692 nn
794 628 1095 694 nrsrnnsarronn.¹

193 787 197 793 «
248 745 331 812 Item
362 767 403 810 ne
435 768 552 812 nomen
583 746 837 836 dispensationis
872 747 907 811 in
941 743 1186 831 dissipationem
1213 750 1420 809 convertatur
1444 751 1476 806 et
1501 751 1537 806 ut
1562 742 1596 806 in

166 844 360 911 lectionibus
397 845 566 912 audiendis
603 850 707 914 maior
733 846 906 931 diligencia
936 842 1130 925 scholarium
1162 842 1371 922 adhibeatur,
1407 839 1449 906 de
1489 850 1595 906 cataro

168 967 268 1032 super
289 966 481 1033 quacunque
501 944 748 1033 dispensacione
769 945 912 1011 decanus
934 955 1089 1027 convocet
1112 951 1213 1008 totum
1237 939 1404 1007 consilium
1427 938 1592 1005 facultatis

166 1043 228 1108 sub
256 1043 365 1110 debite
393 1046 544 1132 praestiti
569 1047 742 1112 iuramenti
770 1043 814 1111 ad
844 1042 1110 1131 conspiciendum
1135 1041 1308 1129 qualitates
1330 1062 1506 1127 parvorum
1527 1038 1593 1104 dis·
1618 1048 1634 1103 5

164 1143 395 1229 pensacionem
422 1146 622 1232 petencium,
656 1168 699 1210 an
726 1147 791 1211 sint
813 1167 850 1211 co
871 1193 879 1210 .
901 1200 909 1212 .
931 1191 939 1209 .
966 1199 972 1212 .
995 1163 1087 1207 arum
1108 1149 1141 1206 et
1162 1140 1370 1207 honestarum
1390 1138 1594 1233 locutionum.

163 1240 220 1310 Ad
240 1241 327 1332 quod
347 1244 556 1317 consimiliter
578 1244 721 1311 decanus
744 1244 803 1311 sub
818 1266 876 1310 suo
898 1244 1079 1311 iuramento
1101 1241 1143 1306 sit
1163 1242 1324 1307 astrictus.

477 1414 479 1418 ὗ
518 1449 548 1512 3.
569 1458 616 1510 os
638 1458 738 1510 nono
759 1442 929 1509 mrsmmr
944 1437 1251 1507 ἰιιιιιιιιιιοιιιιι2

245 1573 344 1658 Item,
381 1582 418 1660 ut
453 1573 563 1640 debita
597 1578 786 1642 reverencia
819 1573 957 1662 singulis
989 1573 1154 1660 magistris
1184 1571 1225 1637 de
1262 1570 1397 1637 consilio
1428 1568 1592 1635 facultatis

164 1671 359 1765 exhibeatur
379 1683 411 1740 et
430 1683 466 1740 ut
486 1674 598 1741 electio
618 1675 800 1743 futurorum
820 1673 1078 1760 contingencinm
1100 1669 1327 1753 concludatur,
1353 1671 1590 1736 examinatores
1602 1679 1634 1734 10

163 1771 488 1839 baccalariandorum
504 1785 536 1839 et
548 1758 849 1862 'magistrandorum
865 1773 1100 1860 eligantur-per
1121 1777 1258 1853 sortem,
1276 1771 1326 1835 ita
1346 1768 1432 1858 quod
1454 1769 1493 1834 de
1515 1791 1592 1858 qua·

164 1869 396 1938 libet'natione
413 1874 561 1960 magistri
579 1873 619 1939 de
638 1872 772 1940 consilio
784 1871 950 1939 facultatis
967 1866 1067 1939 unum
1087 1869 1208 1957 eligant
1228 1869 1289 1935 hoc
1310 1868 1425 1934 modo:
1447 1868 1588 1933 decanus

164 1969 328 2037 facultatis
344 1971 622 2059 faciatapportari
641 1971 802 2061 quendam
824 1969 945 2038 librum
962 1969 1104 2058 plurium
1124 1968 1288 2052 foliorum,
1314 1966 1348 2033 in
1370 1990 1432 2055 quo
1453 1969 1591 2055 proiciat

164 2072 228 2154 ita,
255 2069 344 2157 quod
371 2071 478 2166 senior
505 2074 600 2138 unius
627 2073 767 2139 nationis
794 2069 914 2139 habeat
941 2069 1071 2136 literam
1097 2070 1133 2135 in
1154 2069 1314 2156 superiori
1334 2066 1421 2134 linea
1441 2071 1589 2156 primam,

163 2169 359 2236 inmediatus
384 2179 459 2257 post
484 2193 558 2237 eum
587 2166 716 2238 literam
741 2174 777 2239 in
802 2178 843 2239 2⁸
874 2169 976 2254 linea,
1010 2171 1039 2236 si
1060 2191 1125 2236 non
1144 2168 1243 2234 faerit
1263 2166 1378 2264 eadem
1399 2189 1473 2233 cum
1494 2167 1589 2234 litera
1600 2177 1631 2234 15

164 2269 317 2351 senioris,
335 2269 512 2359 ⁹eliasibit
532 2271 575 2338 ad
593 2271 720 2338 literam
736 2279 927 2363 ,sequentem
947 2271 980 2335 in
1002 2272 1105 2338 tercia
1123 2268 1227 2351 linea,
1258 2266 1404 2343 tamdiu
1426 2265 1592 2355 quousque

163 2369 310 2434 inveniat
340 2367 468 2436 literam
503 2370 617 2454 aliam3
653 2378 686 2436 et
722 2370 770 2436 ita
806 2392 866 2457 per
903 2379 1006 2435 totum
1035 2370 1069 2434 in
1100 2368 1195 2435 lineis
1215 2367 1407 2455 procedetur
1426 2365 1590 2456 usquead

162 2466 314 2537 ultimum
351 2470 544 2555 magistrum
570 2469 656 2535 illius
683 2469 830 2535 nacionis
860 2463 1028 2534 inclusive.
1074 2467 1121 2534 Et
1146 2470 1193 2534 sic
1220 2469 1275 2555 qui
1303 2465 1402 2531 habet
1420 2465 1549 2533 literam
1569 2487 1590 2530 a

163 2566 216 2634 vel
237 2567 368 2634 literam
393 2569 657 2656 propinquiorem
679 2591 718 2651 a,
746 2570 808 2634 erit
828 2570 1031 2646 examinator
1053 2567 1094 2634 de
1112 2567 1169 2635 illa
1189 2567 1329 2633 natione
1372 2565 1416 2629 Et
1433 2567 1523 2643 sicut
1543 2566 1585 2630 sit

162 2667 199 2732 in
217 2688 284 2733 ana
310 2666 458 2750 natione,
489 2668 537 2734 sic
567 2669 787 2755 pariformiter
818 2667 860 2733 de
891 2667 964 2734 aliis
993 2666 1109 2737 tribus.
1135 2665 1218 2748 *Qui
1248 2675 1386 2754 quatuor
1418 2688 1483 2730 una
1514 2673 1630 2731 cumto
1687 2660 1690 2667 ’

166 2764 290 2833 decano
311 2763 579 2851 baccalariandos
604 2767 662 2834 illa
681 2769 753 2834 vice
774 2766 1016 2839 examinabunt
1037 2766 1093 2834 Sic
1122 2765 1220 2833 simili
1239 2763 1336 2832 modo
1368 2773 1506 2853 quatuor
1527 2787 1586 2853 per
1651 2781 1655 2787 ·

163 2873 283 2930 sortem
310 2864 403 2930 electi
425 2888 491 2932 nna
516 2889 589 2932 cum
610 2864 877 2933 vicecancellario
898 2889 957 2954 pro
978 2865 1036 2931 illa
1061 2867 1133 2931 vice
1158 2862 1398 2951 magistrandos
1422 2865 1587 2951 examina·

163 2961 256 3030 bunt.
296 2963 341 3030 Et
370 2966 419 3040 sic
443 2965 531 3033 solus
561 2966 702 3033 decanus
723 2976 773 3033 est
791 2965 832 3031 de
865 2966 1013 3033 assencia
1033 2966 1191 3030 examinis
1223 2986 1282 3052 pro
1316 2962 1538 3030 baccalariatu
1557 2972 1589 3027 et

164 3061 252 3129 solus
272 3063 557 3134 vicecancellarius
592 3076 624 3132 et
656 3088 722 3131 non
753 3064 976 3154 decanus-‚pro
997 3064 1203 3151 magisterio,
1225 3061 1361 3150 quorum
1392 3074 1441 3129 est
1470 3084 1588 3150 propo-

164 3163 299 3229 sitiones
321 3163 547 3249 examinandis
570 3156 758 3254 assignare.¹
1121 3207 1124 3212 -
1596 3168 1629 3225 25

305 3369 336 3429 4.
355 3344 403 3430 aa
426 3381 544 3444 soors
565 3383 709 3449 nncrru,
731 3338 1042 3432 mcscmcnnnsan
1062 3380 1108 3430 sn
1130 3350 1441 3443 ononnmnrsnn.³

244 3495 340 3578 Item,
369 3499 611 3585 nequisquam,
642 3506 675 3564 et
694 3500 863 3586 potissime
889 3496 1035 3581 inabili's,
1063 3519 1121 3584 spe
1140 3496 1224 3563 lucri
1249 3504 1306 3562 aut
1327 3496 1486 3564 commodi
1507 3507 1585 3565 tem·

160 3593 286 3682 paralio
326 3594 370 3662 ad
405 3606 542 3662 examen
580 3619 637 3664 seu
672 3606 869 3686 temptamen
909 3597 944 3661 in
982 3595 1106 3662 artibus
1135 3595 1323 3679 inducatur,
1355 3595 1477 3663 decano
1511 3617 1586 3665 xxx

159 3686 275 3760 florem
296 3715 356 3781 pro
382 3697 542 3762 exercicio
563 3699 682 3763 veteris
702 3692 783 3763 artis
803 3698 1119 3784 assignenturf‘pro
1141 3694 1417 3784 quibus'fideliter
1437 3695 1584 3764 baccala-

159 3791 294 3859 riaridos
314 3788 489 3885 temptabit
508 3796 544 3863 in
575 3798 712 3862 materia
735 3795 836 3873 ‚solita
864 3795 1057 3883 disputari.·⁴
1095 3794 1151 3861 'Sit
1177 3805 1285 3863 tamen
1303 3794 1437 3867 ulterius
1460 3795 1626 3864 decanoao

159 3889 297 3973 aal'vum,
317 3892 404 3980 quod
423 3893 496 3961 aliis
515 3898 681 3981 magistris
700 3907 750 3964 est
770 3895 905 3978 salvum,
928 3916 985 3962 suo
1005 3892 1111 3962 officio
1132 3916 1197 3961 non
1218 3893 1376 3962 obstante.
1413 3895 1479 3962 Sed
1497 3892 1585 3977 sicea

162 3990 355 4058 cancellario
377 3994 582 4081 assignentur
602 4015 652 4062 xx
671 3997 784 4064 iloren.
825 3996 870 4062 Et
897 3994 1132 4085 quo'dlibeterio
1154 3994 1267 4065 decem
1287 3994 1356 4061 flor.
1378 3997 1583 4083 assignentur

159 4112 184 4157 a
208 4089 374 4174 facultate,
404 4115 494 4182 quae¹
517 4095 620 4162 stabit
647 4086 697 4168 ins
713 4095 855 4185 dampno
883 4105 916 4164 et
942 4094 1033 4163 lucro
1053 4095 1147 4163 iuxta
1165 4117 1333 4162 numerum
1355 4097 1512 4162 maiorem
1533 4096 1585 4163 vel

162 4191 322 4277 minorem
342 4193 644 4278 promovendorum.
1232 4220 1235 4226 ’

568 4412 571 4417 ·
688 4402 716 4463 5.
742 4412 790 4476 aa
812 4408 1062 4487 smssrnnsrcs.
1456 4420 1461 4431 „
1592 4405 1626 4462 35

223 4502 323 4589 'Item
350 4531 388 4589 ut
412 4525 561 4611 magistri
591 4527 714 4591 arcium
739 4527 774 4591 in
800 4528 943 4606 materia
962 4524 1150 4614 disputabili
1170 4525 1345 4613 generales
1365 4526 1582 4612 inveniantur,

160 4621 203 4688 de
244 4630 352 4689 cetero
396 4622 580 4710 disputetm
621 4624 704 4728 liber
746 4624 987 4721 metaphisicae,
1017 4627 1053 4691 in
1093 4627 1141 4692 xii
1181 4624 1275 4692 libris
1317 4627 1380 4691 tria
1419 4627 1582 4714 quartalia

249 4893 261 4943 t
280 4887 335 4943 Am
351 4887 461 4942 Raude:
477 4887 570 4959 placet
587 4888 758 4960 sintpls'cirer.

244 4975 261 5027 2
277 4969 333 5026 Am
349 4971 461 5029 Raude:
476 4988 546 5042 qum
562 4979 602 5028 ast
617 4973 757 5030 cmsolscrio
776 4973 906 5043 amiciti&
923 4972 1016 5031 waiter
1032 4944 1208 5053 untenssffiht
1220 4973 1316 5046 placet
1329 4972 1498 5044 eiospls'cioer.

247 5054 336 5110 arim
352 5055 462 5112 Rands:
476 5055 577 5128 placet.
1394 5069 1398 5076 ’

245 5144 263 5199 4
279 5139 340 5198 Der
354 5139 410 5197 lui.
426 5139 530 5217 pagsiri
549 5139 588 5196 ist
601 5157 661 5198 son
675 5141 765 5215 solito
782 5136 933 5214 ablingig.
