3756 6158
675 505 725 553 Dte
742 501 860 554 Stataten
878 515 941 551 rom
958 501 1041 552 «181888
1064 503 1135 555 1543.

817 722 889 771 Lex
907 722 1009 772 XIIX.

275 839 379 904 Nemo
402 847 477 904 8818
507 835 654 902 sumendi
677 836 741 901 cibi
762 848 910 921 tempora
939 837 973 901 in
1001 836 1237 901 communitatis
1263 837 1424 918 conclave,
1454 857 1514 901 nec
1540 835 1613 901 ullis

194 939 271 1005 aliis
293 936 495 1025 temporibus
514 938 549 1001 in
563 935 672 1018 cellas,
694 935 833 1000 88118888
854 935 981 1021 aliaque
1002 935 1073 1001 loca
1087 934 1225 1020 collegii,
1246 938 1280 1000 in
1295 935 1411 1023 quibus
1426 936 1506 1000 nihil
1519 936 1615 1000 fuerit

192 1038 283 1124 quod
304 1037 489 1103 necessario
513 1045 600 1120 agat,
628 1057 699 1099 8888
719 1036 847 1120 ingerat
871 1046 903 1101 et
930 1058 969 1099 88
995 1036 1121 1100 curiose
1148 1046 1203 1101 aut
1224 1035 1415 1120 vagabundo
1444 1047 1616 1122 perreptet,

192 1161 259 1203 888
279 1137 469 1224 praeposito
494 1133 568 1199 cibo
593 1132 777 1221 praebendo
800 1134 984 1200 familiaeve
1010 1135 1114 1221 ipsius
1139 1134 1290 1200 molestus
1320 1136 1369 1202 811.
1409 1133 1474 1215 Qui
1493 1134 1615 1217 fecerit,
1641 1144 1657 1199 5

192 1236 325 1325 singula
346 1239 381 1301 in
402 1235 464 1300 boc
483 1256 602 1320 genero
623 1231 741 1299 delicta
763 1233 897 1319 singulis
920 1235 1043 1320 grossis
1064 1230 1139 1300 luat.

820 1403 894 1451 Lex
910 1403 990 1453 XIX.

279 1519 364 1587 Cum
386 1520 512 1606 signum
537 1516 667 1606 prandii
695 1538 876 1604 coenaeque
902 1515 1012 1581 datum
1035 1517 1146 1600 fuerit,
1176 1519 1372 1585 introeuntes
1400 1520 1434 1583 in
1463 1519 1615 1584 conclave

194 1620 434 1687 communitatis
463 1617 537 1683 lotis
567 1616 715 1682 manibus
744 1613 975 1702 expectabunt,
1004 1613 1081 1680 dum
1110 1617 1150 1681 ad
1179 1619 1296 1683 ostium
1324 1616 1458 1683 sedendi
1490 1620 1616 1704 signum

194 1719 308 1786 datum
330 1718 436 1800 fuerit,
467 1739 506 1782 88
526 1726 596 1782 tum
617 1718 686 1781 sine
707 1714 843 1779 tumultu
865 1717 1034 1802 capiteque
1055 1716 1174 1782 nudato
1201 1717 1305 1783 locum
1328 1717 1390 1782 sibi
1411 1715 1614 1802 designatum
1628 1728 1657 1780 10

196 1819 334 1908 quisque
356 1819 472 1903 capiet,
499 1815 658 1903 psalmum
680 1837 699 1879 a
722 1813 848 1899 legente
876 1813 994 1897 audiet,
1023 1818 1200 1881 orationem
1222 1816 1417 1882 dominicam
1445 1825 1476 1881 et
1502 1839 1615 1903 preces

195 1927 333 2000 ceteras,
361 1915 459 1981 tacite
484 1924 634 2002 precatus
661 1915 741 2000 ipse,
769 1912 939 1999 diligenter
959 1914 1161 1997 auscultabit,
1190 1916 1273 1980 inter
1294 1914 1518 2004 prandendum
1540 1939 1615 2003 quo-

195 2039 258 2103 que
280 2010 528 2080 coenandumve'
544 2015 640 2079 etiam
662 2013 798 2096 silentio,
819 2013 897 2101 quid
917 2013 1054 2101 legatur,
1077 2014 1230 2081 attendet.

836 2183 908 2235 Lex
926 2185 988 2233 XX.

279 2297 382 2363 Nemo
409 2297 452 2361 ad
479 2316 623 2363 mensam
653 2317 854 2362 communem
881 2296 1098 2363 studiosorum
1119 2296 1277 2361 bonarum
1303 2296 1421 2363 artium
1442 2309 1614 2364 extraneos
1629 2309 1658 2363 u

199 2408 231 2464 et
257 2396 407 2464 indoctos
428 2394 574 2460 adducet.
615 2394 681 2476 Qui
709 2395 806 2459 alium
832 2395 1011 2461 studiosum
1035 2395 1078 2461 ad
1105 2395 1312 2484 quotidianas
1339 2397 1451 2483 epulas
1478 2399 1617 2463 invitare

199 2496 348 2578 voluerit,
377 2496 406 2560 si
430 2494 520 2560 locus
551 2493 743 2559 8118818888
770 2495 902 2580 poterit,
930 2495 1037 2559 facere
1065 2496 1095 2559 oi
1122 2494 1183 2559 hoc
1210 2495 1416 2580 concedatur,
1444 2496 1617 2561 dummodo

199 2618 259 2685 pro
282 2595 412 2682 hospite
431 2592 633 2659 dimidiatum
661 2616 811 2681 grossum
837 2593 943 2658 solvat
968 2596 1164 2683 praeposito.
1205 2595 1305 2678 Idem,
1334 2597 1360 2659 si
1382 2605 1507 2682 patrem
1536 2597 1617 2681 quis,

199 2697 334 2761 fratrem
354 2694 612 2781 propinquumvo
633 2693 732 2758 alium
755 2703 811 2757 aut
831 2692 1021 2779 popularem
1044 2716 1137 2760 suum
1159 2693 1385 2760 adducendum
1408 2694 1451 2759 ad
1474 2717 1618 2760 mensam

201 2816 405 2862 communem
428 2794 601 2880 putaverit,
624 2801 777 2858 servetur.
1629 2803 1662 2858 20

829 2961 901 3010 Lex
920 2962 1001 3013 XXI.

284 3075 511 3143 Constituendi
533 3077 566 3140 in
589 3075 725 3159 singulis
745 3072 925 3139 mensibus¹
948 3075 1075 3161 singuli,
1096 3077 1149 3162 qui
1165 3085 1323 3140 vocantur
1345 3078 1498 3157 seniores,
1519 3077 1620 3140 maxi-

202 3199 334 3265 mopere
365 3175 417 3240 vel
451 3177 568 3240 artium
600 3173 806 3239 baccalaurei
837 3174 888 3238 vel
923 3174 1043 3262 alioqui
1075 3176 1236 3260 gravioris
1267 3184 1362 3239 notae
1393 3176 1535 3240 iuvenes.
1576 3175 1621 3239 Hi

203 3276 311 3343 cibum
340 3277 501 3361 attingant
531 3275 672 3361 primum
701 3273 922 3361 modestiaque
950 3283 982 3338 et
1010 3274 1126 3339 decoro
1153 3284 1308 3360 praeeant
1336 3273 1424 3354 81118,
1452 3275 1620 3360 castigent,

203 3384 365 3458 moneant,
384 3375 555 3457 minentur,
578 3371 774 3455 denuntient,
795 3373 822 3437 si
844 3373 922 3458 quid
943 3395 963 3437 8
984 3375 1098 3439 8818818
1120 3375 1325 3438 commissum
1345 3372 1535 3460 intelligant.
1630 3383 1662 3438 25

820 3544 888 3592 Lex
910 3542 1008 3593 XXII.

286 3657 317 3723 A
339 3656 501 3744 precibus,
523 3653 747 3721 benedictione
769 3665 800 3719 et
821 3657 1000 3743 gratiarum
1022 3658 1148 3722 actione
1170 3659 1328 3723 neminem
1350 3655 1536 3738 liberamus,
1565 3657 1622 3721 sed

204 3781 225 3823 a
245 3756 319 3824 cibo
340 3756 473 3823 ferendo
494 3757 635 3821 seniores
656 3754 741 3821 solos
769 3757 930 3821 exemtos²
950 3757 1095 3821 facimus.
1136 3756 1234 3844 Apud
1261 3756 1411 3822 ostiolum
1438 3759 1622 3845 patinarum

205 3855 469 3945 accipiendarum
490 3854 610 3943 spaciis
634 3855 681 3918 818
701 3853 821 3920 (1181881
842 3854 992 3943 dapiferi,
1014 3878 1054 3923 88
1077 3867 1186 3922 mutuo
1206 3858 1396 3947 impingant.

813 4025 884 4075 nex
901 4024 1022 4075 xx111.
1631 4033 1665 4087 30

287 4138 379 4205 Ordo
400 4138 486 4204 idem
507 4138 549 4201 sit
570 4135 833 4224 accipiendarum
860 4139 1098 4224 patinarumet
1119 4138 1397 4227 reportandamm,
1419 4138 1474 4226 qui
1497 4160 1621 4203 mensa·

204 4260 285 4322 rum,
314 4248 346 4304 et
366 4238 453 4304 absit
473 4237 652 4307 concitatus
679 4237 823 4300 incessus
844 4246 877 4301 81
896 4239 1016 4303 vitetur
1039 4240 1143 4304 omnis
1164 4244 1291 4305 omnino
1314 4239 1485 4303 indecorus
1507 4247 1621 4303 motus.

817 4405 886 4454 Lex
905 4405 1013 4456 XXIV.

286 4520 400 4586 Vorax
426 4519 491 4586 ista
518 4528 550 4585 et
578 4518 691 4606 lupina
716 4518 879 4604 rapacitas
903 4517 1054 4583 vescendi
1083 4528 1114 4585 et
1141 4520 1275 4605 quaevis
1304 4516 1501 4607 deglutiendi
1523 4541 1620 4607 aegre

204 4618 372 4711 prohiberi
391 4628 499 4708 potest
519 4615 607 4705 apud
626 4617 804 4706 plerosque.
835 4617 975 4682 Prosunt
995 4626 1104 4683 tamen
1124 4619 1321 4685 hortationes
1343 4619 1431 4707 apud
1450 4616 1563 4700 bonos,
1588 4629 1662 4684 et35

204 4744 269 4788 non
290 4743 367 4786 raro
388 4719 540 4786 studiosis
560 4719 593 4782 in
613 4728 751 4783 mentem
773 4719 905 4783 veniunt
924 4717 1069 4783 salubres
1090 4718 1277 4801 8881881188,
1306 4719 1357 4805 pie
1382 4726 1558 4799 monentes,
1587 4726 1622 4799 ut

205 4820 402 4889 continentia
425 4827 521 4904 atque
542 4816 693 4883 decorum
712 4818 747 4883 in
768 4818 856 4885 victu
876 4819 962 4885 omni
983 4827 1176 4905 praestetur.

291 5091 304 5142 t
322 5082 404 5141 Doeb
420 5081 491 5138 wohl
509 5083 628 5137 memb!

290 5176 308 5229 2
324 5165 512 5227 (imbriebsu
527 5164 601 5223 snut
617 5174 734 5223 8888188.
