<?xml version="1.0" encoding="UTF-8"?>
<!DOCTYPE html PUBLIC "-//W3C//DTD XHTML 1.0 Transitional//EN"
    "http://www.w3.org/TR/xhtml1/DTD/xhtml1-transitional.dtd">
<html xmlns="http://www.w3.org/1999/xhtml" xml:lang="en" lang="en">
 <head>
  <title>
</title>
<meta http-equiv="Content-Type" content="text/html;charset=utf-8" />
  <meta name='ocr-system' content='tesseract 3.04.00' />
  <meta name='ocr-capabilities' content='ocr_page ocr_carea ocr_par ocr_line ocrx_word'/>
</head>
<body>
  <div class='ocr_page' id='page_1' title='image "./diestatutenbche00univgoog_0031.png"; bbox 0 0 3756 6158; ppageno 0'>
   <div class='ocr_carea' id='block_1_1' title="bbox 225 468 1202 548">
    <p class='ocr_par' dir='ltr' id='par_1_1' title="bbox 225 468 1202 548">
     <span class='ocr_line' id='line_1_1' title="bbox 225 468 1202 548; baseline 0.001 -14"><span class='ocrx_word' id='word_1_1' title='bbox 225 486 263 548; x_wconf 77' lang='lat'>12</span> <span class='ocrx_word' id='word_1_2' title='bbox 679 484 729 534; x_wconf 87' lang='lat' dir='ltr'>Die</span> <span class='ocrx_word' id='word_1_3' title='bbox 748 483 929 535; x_wconf 79' lang='lat' dir='ltr'>Reformation</span> <span class='ocrx_word' id='word_1_4' title='bbox 950 499 1011 534; x_wconf 85' lang='lat' dir='ltr'>vom</span> <span class='ocrx_word' id='word_1_5' title='bbox 1028 484 1111 535; x_wconf 84' lang='lat' dir='ltr'>Jahre</span> <span class='ocrx_word' id='word_1_6' title='bbox 1132 468 1202 536; x_wconf 72' lang='lat' dir='ltr'>lut.</span> 
     </span>
    </p>
   </div>
   <div class='ocr_carea' id='block_1_2' title="bbox 176 664 1643 4536">
    <p class='ocr_par' dir='ltr' id='par_1_2' title="bbox 222 664 1641 850">
     <span class='ocr_line' id='line_1_2' title="bbox 222 664 1641 754; baseline -0.001 -23"><span class='ocrx_word' id='word_1_7' title='bbox 222 664 352 753; x_wconf 88' lang='lat' dir='ltr'>publice</span> <span class='ocrx_word' id='word_1_8' title='bbox 373 675 405 730; x_wconf 91' lang='lat' dir='ltr'>et</span> <span class='ocrx_word' id='word_1_9' title='bbox 425 664 610 731; x_wconf 89' lang='lat' dir='ltr'>solemniter</span> <span class='ocrx_word' id='word_1_10' title='bbox 634 666 790 754; x_wconf 89' lang='lat' dir='ltr'>disputet,</span> <span class='ocrx_word' id='word_1_11' title='bbox 812 676 938 754; x_wconf 80' lang='lat' dir='ltr'><strong>repetat</strong></span> <span class='ocrx_word' id='word_1_12' title='bbox 958 676 990 731; x_wconf 91' lang='lat' dir='ltr'>et</span> <span class='ocrx_word' id='word_1_13' title='bbox 1013 665 1217 746; x_wconf 78' lang='lat' dir='ltr'>determinet,</span> <span class='ocrx_word' id='word_1_14' title='bbox 1239 686 1299 729; x_wconf 91' lang='lat' dir='ltr'>nec</span> <span class='ocrx_word' id='word_1_15' title='bbox 1321 674 1491 750; x_wconf 85' lang='lat' dir='ltr'>peractus</span> <span class='ocrx_word' id='word_1_16' title='bbox 1513 667 1547 729; x_wconf 93' lang='lat' dir='ltr'>in</span> <span class='ocrx_word' id='word_1_17' title='bbox 1568 688 1641 752; x_wconf 89' lang='lat' dir='ltr'>pro·</span> 
     </span>
     <span class='ocr_line' id='line_1_3' title="bbox 222 762 1549 850; baseline -0.002 -19"><span class='ocrx_word' id='word_1_18' title='bbox 222 763 419 831; x_wconf 84' lang='lat' dir='ltr'>motionibus</span> <span class='ocrx_word' id='word_1_19' title='bbox 441 765 684 830; x_wconf 89' lang='lat' dir='ltr'>occurrentibus</span> <span class='ocrx_word' id='word_1_20' title='bbox 704 766 872 832; x_wconf 86' lang='lat' dir='ltr'>faciendos</span> <span class='ocrx_word' id='word_1_21' title='bbox 894 766 936 832; x_wconf 92' lang='lat' dir='ltr'>ab</span> <span class='ocrx_word' id='word_1_22' title='bbox 957 765 1013 831; x_wconf 89' lang='lat' dir='ltr'>illa</span> <span class='ocrx_word' id='word_1_23' title='bbox 1035 766 1077 830; x_wconf 90' lang='lat' dir='ltr'>sit</span> <span class='ocrx_word' id='word_1_24' title='bbox 1097 773 1270 829; x_wconf 89' lang='lat' dir='ltr'>excusatus</span> <span class='ocrx_word' id='word_1_25' title='bbox 1290 785 1418 850; x_wconf 89' lang='lat' dir='ltr'>quoquo</span> <span class='ocrx_word' id='word_1_26' title='bbox 1442 762 1549 829; x_wconf 91' lang='lat' dir='ltr'>modo.</span> 
     </span>
    </p>

    <p class='ocr_par' dir='ltr' id='par_1_3' title="bbox 223 862 1643 1051">
     <span class='ocr_line' id='line_1_4' title="bbox 303 862 1643 951; baseline 0 -23"><span class='ocrx_word' id='word_1_27' title='bbox 303 863 426 929; x_wconf 91' lang='lat' dir='ltr'>Verum</span> <span class='ocrx_word' id='word_1_28' title='bbox 445 886 516 929; x_wconf 90' lang='lat' dir='ltr'>cum</span> <span class='ocrx_word' id='word_1_29' title='bbox 539 864 582 929; x_wconf 91' lang='lat' dir='ltr'>ad</span> <span class='ocrx_word' id='word_1_30' title='bbox 596 864 839 932; x_wconf 87' lang='lat' dir='ltr'>fundamentum</span> <span class='ocrx_word' id='word_1_31' title='bbox 861 865 1030 932; x_wconf 91' lang='lat' dir='ltr'>cuiuslibet</span> <span class='ocrx_word' id='word_1_32' title='bbox 1052 865 1160 951; x_wconf 90' lang='lat' dir='ltr'>operis</span> <span class='ocrx_word' id='word_1_33' title='bbox 1175 887 1241 930; x_wconf 93' lang='lat' dir='ltr'>non</span> <span class='ocrx_word' id='word_1_34' title='bbox 1256 862 1462 929; x_wconf 75' lang='lat' dir='ltr'>mediocriter</span> <span class='ocrx_word' id='word_1_35' title='bbox 1481 865 1523 928; x_wconf 92' lang='lat' dir='ltr'>sit</span> <span class='ocrx_word' id='word_1_36' title='bbox 1541 872 1643 929; x_wconf 89' lang='lat' dir='ltr'>atten-</span> 
     </span>
     <span class='ocr_line' id='line_1_5' title="bbox 223 960 1641 1051; baseline 0.001 -23"><span class='ocrx_word' id='word_1_37' title='bbox 223 960 363 1029; x_wconf 89' lang='lat' dir='ltr'>dendum</span> <span class='ocrx_word' id='word_1_38' title='bbox 377 967 468 1045; x_wconf 89' lang='lat' dir='ltr'>(nam</span> <span class='ocrx_word' id='word_1_39' title='bbox 488 964 544 1029; x_wconf 93' lang='lat' dir='ltr'>ubi</span> <span class='ocrx_word' id='word_1_40' title='bbox 565 964 808 1031; x_wconf 89' lang='lat' dir='ltr'>fundamentum</span> <span class='ocrx_word' id='word_1_41' title='bbox 833 963 972 1030; x_wconf 88' lang='lat' dir='ltr'>solidum</span> <span class='ocrx_word' id='word_1_42' title='bbox 992 986 1058 1029; x_wconf 92' lang='lat' dir='ltr'>non</span> <span class='ocrx_word' id='word_1_43' title='bbox 1079 973 1137 1046; x_wconf 90' lang='lat' dir='ltr'>est,</span> <span class='ocrx_word' id='word_1_44' title='bbox 1159 972 1261 1029; x_wconf 91' lang='lat' dir='ltr'>totum</span> <span class='ocrx_word' id='word_1_45' title='bbox 1276 962 1459 1028; x_wconf 88' lang='lat' dir='ltr'>aedificium</span> <span class='ocrx_word' id='word_1_46' title='bbox 1484 986 1641 1051; x_wconf 88' lang='lat' dir='ltr'>suprapo-</span> 
     </span>
    </p>

    <p class='ocr_par' dir='ltr' id='par_1_4' title="bbox 197 1061 1643 1445">
     <span class='ocr_line' id='line_1_6' title="bbox 197 1061 1642 1152; baseline 0.001 -26"><span class='ocrx_word' id='word_1_47' title='bbox 197 1063 320 1127; x_wconf 83' lang='lat' dir='ltr'>5situm</span> <span class='ocrx_word' id='word_1_48' title='bbox 345 1064 471 1128; x_wconf 88' lang='lat' dir='ltr'>ruinam</span> <span class='ocrx_word' id='word_1_49' title='bbox 498 1065 667 1149; x_wconf 90' lang='lat' dir='ltr'>minatur),</span> <span class='ocrx_word' id='word_1_50' title='bbox 703 1076 735 1132; x_wconf 91' lang='lat' dir='ltr'>et</span> <span class='ocrx_word' id='word_1_51' title='bbox 763 1066 839 1152; x_wconf 93' lang='lat' dir='ltr'>quia</span> <span class='ocrx_word' id='word_1_52' title='bbox 865 1064 1002 1129; x_wconf 77' lang='lat' dir='ltr'>facultas</span> <span class='ocrx_word' id='word_1_53' title='bbox 1038 1065 1161 1128; x_wconf 91' lang='lat' dir='ltr'>arcium</span> <span class='ocrx_word' id='word_1_54' title='bbox 1185 1061 1368 1128; x_wconf 87' lang='lat' dir='ltr'>liberalium</span> <span class='ocrx_word' id='word_1_55' title='bbox 1399 1061 1642 1128; x_wconf 87' lang='lat' dir='ltr'>fundamentum</span> 
     </span>
     <span class='ocr_line' id='line_1_7' title="bbox 222 1160 1643 1250; baseline 0.002 -24"><span class='ocrx_word' id='word_1_56' title='bbox 222 1161 350 1245; x_wconf 85' lang='lat' dir='ltr'>existit,</span> <span class='ocrx_word' id='word_1_57' title='bbox 373 1162 489 1249; x_wconf 91' lang='lat' dir='ltr'>quibus</span> <span class='ocrx_word' id='word_1_58' title='bbox 507 1163 603 1229; x_wconf 90' lang='lat' dir='ltr'>bases</span> <span class='ocrx_word' id='word_1_59' title='bbox 619 1174 651 1229; x_wconf 90' lang='lat' dir='ltr'>et</span> <span class='ocrx_word' id='word_1_60' title='bbox 668 1164 858 1250; x_wconf 81' lang='lat' dir='ltr'>columpnae</span> <span class='ocrx_word' id='word_1_61' title='bbox 882 1162 1019 1228; x_wconf 87' lang='lat' dir='ltr'>aliarum</span> <span class='ocrx_word' id='word_1_62' title='bbox 1034 1163 1239 1246; x_wconf 89' lang='lat' dir='ltr'>adiuvantur,</span> <span class='ocrx_word' id='word_1_63' title='bbox 1261 1162 1334 1227; x_wconf 91' lang='lat' dir='ltr'>ideo</span> <span class='ocrx_word' id='word_1_64' title='bbox 1349 1163 1452 1227; x_wconf 89' lang='lat' dir='ltr'>eciam</span> <span class='ocrx_word' id='word_1_65' title='bbox 1468 1160 1509 1226; x_wconf 89' lang='lat' dir='ltr'>de</span> <span class='ocrx_word' id='word_1_66' title='bbox 1528 1161 1643 1229; x_wconf 85' lang='lat' dir='ltr'>eadem</span> 
     </span>
     <span class='ocr_line' id='line_1_8' title="bbox 222 1262 1642 1350; baseline 0.001 -23"><span class='ocrx_word' id='word_1_67' title='bbox 222 1264 354 1328; x_wconf 88' lang='lat' dir='ltr'>caucius</span> <span class='ocrx_word' id='word_1_68' title='bbox 376 1272 425 1328; x_wconf 88' lang='lat' dir='ltr'>est</span> <span class='ocrx_word' id='word_1_69' title='bbox 451 1262 698 1350; x_wconf 90' lang='lat' dir='ltr'>providendum.</span> <span class='ocrx_word' id='word_1_70' title='bbox 741 1263 902 1349; x_wconf 79' lang='lat' dir='ltr'>Congruit</span> <span class='ocrx_word' id='word_1_71' title='bbox 923 1284 1017 1349; x_wconf 90' lang='lat' dir='ltr'>ergo,</span> <span class='ocrx_word' id='word_1_72' title='bbox 1043 1272 1078 1327; x_wconf 92' lang='lat' dir='ltr'>ut</span> <span class='ocrx_word' id='word_1_73' title='bbox 1107 1285 1128 1327; x_wconf 89' lang='lat' dir='ltr'>a</span> <span class='ocrx_word' id='word_1_74' title='bbox 1157 1264 1263 1350; x_wconf 85' lang='lat' dir='ltr'>eapite</span> <span class='ocrx_word' id='word_1_75' title='bbox 1289 1262 1404 1327; x_wconf 89' lang='lat' dir='ltr'>edatur</span> <span class='ocrx_word' id='word_1_76' title='bbox 1431 1264 1522 1328; x_wconf 90' lang='lat' dir='ltr'>ratio.</span> <span class='ocrx_word' id='word_1_77' title='bbox 1563 1262 1642 1329; x_wconf 88' lang='lat' dir='ltr'>Ideo</span> 
     </span>
     <span class='ocr_line' id='line_1_9' title="bbox 224 1361 849 1445; baseline 0 -19"><span class='ocrx_word' id='word_1_78' title='bbox 224 1361 382 1445; x_wconf 87' lang='lat' dir='ltr'>volumus,</span> <span class='ocrx_word' id='word_1_79' title='bbox 405 1364 573 1427; x_wconf 87' lang='lat' dir='ltr'>statuimus</span> <span class='ocrx_word' id='word_1_80' title='bbox 594 1371 626 1428; x_wconf 92' lang='lat' dir='ltr'>et</span> <span class='ocrx_word' id='word_1_81' title='bbox 645 1363 849 1430; x_wconf 91' lang='lat' dir='ltr'>ordinamus:</span> 
     </span>
    </p>

    <p class='ocr_par' dir='ltr' id='par_1_5' title="bbox 305 1459 1642 1551">
     <span class='ocr_line' id='line_1_10' title="bbox 305 1459 1642 1551; baseline 0 -25"><span class='ocrx_word' id='word_1_82' title='bbox 305 1461 402 1542; x_wconf 79' lang='lat' dir='ltr'>Quod</span> <span class='ocrx_word' id='word_1_83' title='bbox 423 1462 563 1528; x_wconf 91' lang='lat' dir='ltr'>decanus</span> <span class='ocrx_word' id='word_1_84' title='bbox 584 1463 746 1529; x_wconf 74' lang='lat' dir='ltr'>facultatis</span> <span class='ocrx_word' id='word_1_85' title='bbox 769 1461 950 1551; x_wconf 91' lang='lat' dir='ltr'>praefatae,</span> <span class='ocrx_word' id='word_1_86' title='bbox 980 1462 1007 1525; x_wconf 87' lang='lat' dir='ltr'>si</span> <span class='ocrx_word' id='word_1_87' title='bbox 1029 1482 1071 1525; x_wconf 90' lang='lat' dir='ltr'>ex</span> <span class='ocrx_word' id='word_1_88' title='bbox 1091 1470 1202 1526; x_wconf 90' lang='lat' dir='ltr'>mutua</span> <span class='ocrx_word' id='word_1_89' title='bbox 1224 1470 1256 1525; x_wconf 90' lang='lat' dir='ltr'>et</span> <span class='ocrx_word' id='word_1_90' title='bbox 1283 1463 1443 1526; x_wconf 86' lang='lat' dir='ltr'>communi</span> <span class='ocrx_word' id='word_1_91' title='bbox 1465 1459 1642 1526; x_wconf 83' lang='lat' dir='ltr'>collacione</span> 
     </span>
    </p>

    <p class='ocr_par' dir='ltr' id='par_1_6' title="bbox 181 1561 1641 1926">
     <span class='ocr_line' id='line_1_11' title="bbox 181 1561 1641 1649; baseline 0 -24"><span class='ocrx_word' id='word_1_92' title='bbox 181 1570 213 1626; x_wconf 87' lang='lat'>10</span> <span class='ocrx_word' id='word_1_93' title='bbox 222 1563 459 1649; x_wconf 86' lang='lat' dir='ltr'>magistrorum,</span> <span class='ocrx_word' id='word_1_94' title='bbox 481 1562 524 1628; x_wconf 89' lang='lat' dir='ltr'>ad</span> <span class='ocrx_word' id='word_1_95' title='bbox 546 1564 614 1628; x_wconf 90' lang='lat' dir='ltr'>eius</span> <span class='ocrx_word' id='word_1_96' title='bbox 635 1563 821 1629; x_wconf 88' lang='lat' dir='ltr'>electionem</span> <span class='ocrx_word' id='word_1_97' title='bbox 843 1570 1121 1647; x_wconf 85' lang='lat' dir='ltr'>congregatorum,</span> <span class='ocrx_word' id='word_1_98' title='bbox 1145 1561 1349 1626; x_wconf 90' lang='lat' dir='ltr'>concorditer</span> <span class='ocrx_word' id='word_1_99' title='bbox 1369 1561 1445 1647; x_wconf 85' lang='lat' dir='ltr'>eligi</span> <span class='ocrx_word' id='word_1_100' title='bbox 1467 1582 1533 1626; x_wconf 93' lang='lat' dir='ltr'>non</span> <span class='ocrx_word' id='word_1_101' title='bbox 1552 1570 1641 1647; x_wconf 86' lang='lat' dir='ltr'>pote·</span> 
     </span>
     <span class='ocr_line' id='line_1_12' title="bbox 221 1653 1641 1750; baseline -0.001 -24"><span class='ocrx_word' id='word_1_102' title='bbox 221 1653 293 1744; x_wconf 66' lang='lat' dir='ltr'>rit,</span> <span class='ocrx_word' id='word_1_103' title='bbox 306 1671 425 1727; x_wconf 85' lang='lat' dir='ltr'>extunc</span> <span class='ocrx_word' id='word_1_104' title='bbox 449 1685 507 1750; x_wconf 91' lang='lat' dir='ltr'>per</span> <span class='ocrx_word' id='word_1_105' title='bbox 529 1664 718 1727; x_wconf 89' lang='lat' dir='ltr'>scrutinium</span> <span class='ocrx_word' id='word_1_106' title='bbox 745 1684 862 1726; x_wconf 89' lang='lat' dir='ltr'>vocum</span> <span class='ocrx_word' id='word_1_107' title='bbox 888 1658 1062 1724; x_wconf 91' lang='lat' dir='ltr'>eorundem</span> <span class='ocrx_word' id='word_1_108' title='bbox 1090 1659 1203 1725; x_wconf 89' lang='lat' dir='ltr'>electio</span> <span class='ocrx_word' id='word_1_109' title='bbox 1234 1659 1330 1725; x_wconf 91' lang='lat' dir='ltr'>debet</span> <span class='ocrx_word' id='word_1_110' title='bbox 1353 1657 1525 1740; x_wconf 89' lang='lat' dir='ltr'>celebrari,</span> <span class='ocrx_word' id='word_1_111' title='bbox 1552 1670 1586 1727; x_wconf 91' lang='lat' dir='ltr'>et</span> <span class='ocrx_word' id='word_1_112' title='bbox 1607 1662 1641 1725; x_wconf 95' lang='lat' dir='ltr'>in</span> 
     </span>
     <span class='ocr_line' id='line_1_13' title="bbox 221 1757 1641 1848; baseline 0 -24"><span class='ocrx_word' id='word_1_113' title='bbox 221 1782 316 1846; x_wconf 91' lang='lat' dir='ltr'>quem</span> <span class='ocrx_word' id='word_1_114' title='bbox 344 1762 448 1827; x_wconf 89' lang='lat' dir='ltr'>maior</span> <span class='ocrx_word' id='word_1_115' title='bbox 477 1770 508 1826; x_wconf 88' lang='lat' dir='ltr'>et</span> <span class='ocrx_word' id='word_1_116' title='bbox 536 1763 646 1828; x_wconf 89' lang='lat' dir='ltr'>sanior</span> <span class='ocrx_word' id='word_1_117' title='bbox 676 1785 753 1848; x_wconf 87' lang='lat' dir='ltr'>pars</span> <span class='ocrx_word' id='word_1_118' title='bbox 784 1757 1045 1841; x_wconf 84' lang='lat' dir='ltr'>concordaverit,</span> <span class='ocrx_word' id='word_1_119' title='bbox 1074 1757 1128 1822; x_wconf 91' lang='lat' dir='ltr'>ille</span> <span class='ocrx_word' id='word_1_120' title='bbox 1158 1757 1299 1825; x_wconf 87' lang='lat' dir='ltr'>decanus</span> <span class='ocrx_word' id='word_1_121' title='bbox 1329 1782 1388 1846; x_wconf 89' lang='lat' dir='ltr'>pro</span> <span class='ocrx_word' id='word_1_122' title='bbox 1409 1769 1555 1846; x_wconf 92' lang='lat' dir='ltr'>tempore</span> <span class='ocrx_word' id='word_1_123' title='bbox 1583 1782 1641 1825; x_wconf 90' lang='lat' dir='ltr'>suo</span> 
     </span>
     <span class='ocr_line' id='line_1_14' title="bbox 222 1859 862 1926; baseline 0.002 -4"><span class='ocrx_word' id='word_1_124' title='bbox 222 1859 314 1925; x_wconf 87' lang='lat' dir='ltr'>iuxta</span> <span class='ocrx_word' id='word_1_125' title='bbox 334 1883 456 1926; x_wconf 92' lang='lat' dir='ltr'>morem</span> <span class='ocrx_word' id='word_1_126' title='bbox 477 1860 639 1926; x_wconf 80' lang='lat' dir='ltr'>facultatis</span> <span class='ocrx_word' id='word_1_127' title='bbox 662 1883 732 1926; x_wconf 89' lang='lat' dir='ltr'>esse</span> <span class='ocrx_word' id='word_1_128' title='bbox 756 1859 862 1925; x_wconf 92' lang='lat' dir='ltr'>debet.</span> 
     </span>
    </p>

    <p class='ocr_par' dir='ltr' id='par_1_7' title="bbox 303 1958 1640 2047">
     <span class='ocr_line' id='line_1_15' title="bbox 303 1958 1640 2047; baseline -0.001 -23"><span class='ocrx_word' id='word_1_129' title='bbox 303 1959 385 2025; x_wconf 90' lang='lat' dir='ltr'>Item</span> <span class='ocrx_word' id='word_1_130' title='bbox 408 1968 584 2047; x_wconf 87' lang='lat' dir='ltr'>postquam</span> <span class='ocrx_word' id='word_1_131' title='bbox 605 1970 732 2047; x_wconf 90' lang='lat' dir='ltr'>tempus</span> <span class='ocrx_word' id='word_1_132' title='bbox 755 1958 956 2046; x_wconf 86' lang='lat' dir='ltr'>expiraverit</span> <span class='ocrx_word' id='word_1_133' title='bbox 978 1968 1011 2022; x_wconf 92' lang='lat' dir='ltr'>et</span> <span class='ocrx_word' id='word_1_134' title='bbox 1030 1958 1158 2022; x_wconf 89' lang='lat' dir='ltr'>functus</span> <span class='ocrx_word' id='word_1_135' title='bbox 1181 1959 1223 2022; x_wconf 92' lang='lat' dir='ltr'>sit</span> <span class='ocrx_word' id='word_1_136' title='bbox 1244 1958 1351 2023; x_wconf 89' lang='lat' dir='ltr'>officio</span> <span class='ocrx_word' id='word_1_137' title='bbox 1375 1981 1448 2042; x_wconf 90' lang='lat' dir='ltr'>suo,</span> <span class='ocrx_word' id='word_1_138' title='bbox 1470 1968 1546 2023; x_wconf 91' lang='lat' dir='ltr'>tunc</span> <span class='ocrx_word' id='word_1_139' title='bbox 1568 1981 1640 2044; x_wconf 90' lang='lat' dir='ltr'>per·</span> 
     </span>
    </p>

    <p class='ocr_par' dir='ltr' id='par_1_8' title="bbox 181 2056 1641 2345">
     <span class='ocr_line' id='line_1_16' title="bbox 181 2056 1641 2147; baseline -0.002 -21"><span class='ocrx_word' id='word_1_140' title='bbox 181 2070 212 2126; x_wconf 80' lang='lat'>15</span> <span class='ocrx_word' id='word_1_141' title='bbox 222 2058 361 2147; x_wconf 87' lang='lat' dir='ltr'>amplius</span> <span class='ocrx_word' id='word_1_142' title='bbox 383 2059 426 2124; x_wconf 89' lang='lat' dir='ltr'>ad</span> <span class='ocrx_word' id='word_1_143' title='bbox 450 2058 586 2125; x_wconf 88' lang='lat' dir='ltr'>eundem</span> <span class='ocrx_word' id='word_1_144' title='bbox 607 2059 833 2124; x_wconf 89' lang='lat' dir='ltr'>assumendum</span> <span class='ocrx_word' id='word_1_145' title='bbox 862 2057 951 2133; x_wconf 86' lang='lat' dir='ltr'>infra</span> <span class='ocrx_word' id='word_1_146' title='bbox 977 2056 1160 2142; x_wconf 91' lang='lat' dir='ltr'>quindecim</span> <span class='ocrx_word' id='word_1_147' title='bbox 1182 2079 1284 2123; x_wconf 90' lang='lat' dir='ltr'>annos</span> <span class='ocrx_word' id='word_1_148' title='bbox 1312 2056 1469 2144; x_wconf 90' lang='lat' dir='ltr'>posthoc</span> <span class='ocrx_word' id='word_1_149' title='bbox 1490 2060 1641 2124; x_wconf 88' lang='lat' dir='ltr'>continue</span> 
     </span>
     <span class='ocr_line' id='line_1_17' title="bbox 219 2156 1640 2246; baseline 0.001 -23"><span class='ocrx_word' id='word_1_150' title='bbox 219 2159 388 2246; x_wconf 89' lang='lat' dir='ltr'>proximos</span> <span class='ocrx_word' id='word_1_151' title='bbox 414 2160 542 2224; x_wconf 91' lang='lat' dir='ltr'>omnino</span> <span class='ocrx_word' id='word_1_152' title='bbox 564 2158 660 2224; x_wconf 92' lang='lat' dir='ltr'>debet</span> <span class='ocrx_word' id='word_1_153' title='bbox 681 2182 752 2224; x_wconf 90' lang='lat' dir='ltr'>esse</span> <span class='ocrx_word' id='word_1_154' title='bbox 774 2158 940 2240; x_wconf 88' lang='lat' dir='ltr'>exclusus,</span> <span class='ocrx_word' id='word_1_155' title='bbox 963 2156 1137 2222; x_wconf 91' lang='lat' dir='ltr'>dnmmodo</span> <span class='ocrx_word' id='word_1_156' title='bbox 1158 2167 1266 2222; x_wconf 90' lang='lat' dir='ltr'>tamen</span> <span class='ocrx_word' id='word_1_157' title='bbox 1292 2159 1378 2222; x_wconf 89' lang='lat' dir='ltr'>infra</span> <span class='ocrx_word' id='word_1_158' title='bbox 1405 2158 1485 2224; x_wconf 90' lang='lat' dir='ltr'>illud</span> <span class='ocrx_word' id='word_1_159' title='bbox 1512 2169 1640 2245; x_wconf 89' lang='lat' dir='ltr'>tempus</span> 
     </span>
     <span class='ocr_line' id='line_1_18' title="bbox 220 2256 1463 2345; baseline 0.001 -23"><span class='ocrx_word' id='word_1_160' title='bbox 220 2256 303 2322; x_wconf 88' lang='lat' dir='ltr'>alius</span> <span class='ocrx_word' id='word_1_161' title='bbox 323 2259 478 2344; x_wconf 82' lang='lat' dir='ltr'>magister</span> <span class='ocrx_word' id='word_1_162' title='bbox 501 2257 541 2322; x_wconf 89' lang='lat' dir='ltr'>de</span> <span class='ocrx_word' id='word_1_163' title='bbox 562 2259 675 2323; x_wconf 90' lang='lat' dir='ltr'>eadem</span> <span class='ocrx_word' id='word_1_164' title='bbox 696 2259 826 2323; x_wconf 91' lang='lat' dir='ltr'>natione</span> <span class='ocrx_word' id='word_1_165' title='bbox 846 2256 944 2321; x_wconf 89' lang='lat' dir='ltr'>abilis</span> <span class='ocrx_word' id='word_1_166' title='bbox 965 2266 997 2321; x_wconf 93' lang='lat' dir='ltr'>et</span> <span class='ocrx_word' id='word_1_167' title='bbox 1018 2256 1154 2322; x_wconf 88' lang='lat' dir='ltr'>idoneus</span> <span class='ocrx_word' id='word_1_168' title='bbox 1177 2259 1296 2345; x_wconf 89' lang='lat' dir='ltr'>poterit</span> <span class='ocrx_word' id='word_1_169' title='bbox 1316 2259 1463 2345; x_wconf 86' lang='lat' dir='ltr'>reperiri.</span> 
     </span>
    </p>

    <p class='ocr_par' dir='ltr' id='par_1_9' title="bbox 219 2356 1640 2545">
     <span class='ocr_line' id='line_1_19' title="bbox 302 2356 1640 2445; baseline 0 -23"><span class='ocrx_word' id='word_1_170' title='bbox 302 2357 383 2422; x_wconf 89' lang='lat' dir='ltr'>Item</span> <span class='ocrx_word' id='word_1_171' title='bbox 406 2357 493 2442; x_wconf 91' lang='lat' dir='ltr'>quod</span> <span class='ocrx_word' id='word_1_172' title='bbox 517 2357 657 2423; x_wconf 89' lang='lat' dir='ltr'>decanus</span> <span class='ocrx_word' id='word_1_173' title='bbox 675 2359 747 2445; x_wconf 92' lang='lat' dir='ltr'>ipse</span> <span class='ocrx_word' id='word_1_174' title='bbox 768 2356 808 2421; x_wconf 88' lang='lat' dir='ltr'>de</span> <span class='ocrx_word' id='word_1_175' title='bbox 830 2365 937 2422; x_wconf 86' lang='lat' dir='ltr'>cetero</span> <span class='ocrx_word' id='word_1_176' title='bbox 955 2378 1038 2444; x_wconf 89' lang='lat' dir='ltr'>pure</span> <span class='ocrx_word' id='word_1_177' title='bbox 1053 2367 1085 2422; x_wconf 90' lang='lat' dir='ltr'>et</span> <span class='ocrx_word' id='word_1_178' title='bbox 1107 2356 1305 2444; x_wconf 88' lang='lat' dir='ltr'>simpliciter,</span> <span class='ocrx_word' id='word_1_179' title='bbox 1326 2381 1391 2423; x_wconf 92' lang='lat' dir='ltr'>non</span> <span class='ocrx_word' id='word_1_180' title='bbox 1407 2360 1440 2423; x_wconf 92' lang='lat' dir='ltr'>vi</span> <span class='ocrx_word' id='word_1_181' title='bbox 1461 2368 1517 2422; x_wconf 90' lang='lat' dir='ltr'>aut</span> <span class='ocrx_word' id='word_1_182' title='bbox 1534 2379 1640 2444; x_wconf 89' lang='lat' dir='ltr'>prece,</span> 
     </span>
     <span class='ocr_line' id='line_1_20' title="bbox 219 2455 1640 2545; baseline -0.003 -24"><span class='ocrx_word' id='word_1_183' title='bbox 219 2457 434 2543; x_wconf 89' lang='lat' dir='ltr'>promissione</span> <span class='ocrx_word' id='word_1_184' title='bbox 455 2468 511 2522; x_wconf 89' lang='lat' dir='ltr'>aut</span> <span class='ocrx_word' id='word_1_185' title='bbox 530 2460 657 2545; x_wconf 91' lang='lat' dir='ltr'>precio,</span> <span class='ocrx_word' id='word_1_186' title='bbox 686 2479 747 2521; x_wconf 92' lang='lat' dir='ltr'>nee</span> <span class='ocrx_word' id='word_1_187' title='bbox 768 2456 874 2543; x_wconf 86' lang='lat' dir='ltr'>aliquo</span> <span class='ocrx_word' id='word_1_188' title='bbox 899 2455 963 2521; x_wconf 89' lang='lat' dir='ltr'>alio</span> <span class='ocrx_word' id='word_1_189' title='bbox 986 2455 1127 2543; x_wconf 91' lang='lat' dir='ltr'>impulsu</span> <span class='ocrx_word' id='word_1_190' title='bbox 1148 2467 1180 2521; x_wconf 90' lang='lat' dir='ltr'>et</span> <span class='ocrx_word' id='word_1_191' title='bbox 1203 2456 1468 2523; x_wconf 86' lang='lat' dir='ltr'>subordinatione</span> <span class='ocrx_word' id='word_1_192' title='bbox 1489 2457 1640 2543; x_wconf 87' lang='lat' dir='ltr'>eligatur:</span> 
     </span>
    </p>

    <p class='ocr_par' dir='ltr' id='par_1_10' title="bbox 177 2554 1641 3041">
     <span class='ocr_line' id='line_1_21' title="bbox 177 2554 1640 2645; baseline -0.001 -24"><span class='ocrx_word' id='word_1_193' title='bbox 177 2554 370 2643; x_wconf 65' lang='lat' dir='ltr'>mquodque</span> <span class='ocrx_word' id='word_1_194' title='bbox 394 2556 466 2642; x_wconf 86' lang='lat' dir='ltr'>ipse</span> <span class='ocrx_word' id='word_1_195' title='bbox 490 2559 524 2621; x_wconf 88' lang='lat' dir='ltr'>in</span> <span class='ocrx_word' id='word_1_196' title='bbox 552 2580 611 2623; x_wconf 89' lang='lat' dir='ltr'>sua</span> <span class='ocrx_word' id='word_1_197' title='bbox 637 2560 856 2645; x_wconf 89' lang='lat' dir='ltr'>assumptione</span> <span class='ocrx_word' id='word_1_198' title='bbox 884 2557 968 2619; x_wconf 91' lang='lat' dir='ltr'>inter</span> <span class='ocrx_word' id='word_1_199' title='bbox 1000 2554 1066 2621; x_wconf 88' lang='lat' dir='ltr'>alia</span> <span class='ocrx_word' id='word_1_200' title='bbox 1093 2558 1142 2621; x_wconf 92' lang='lat' dir='ltr'>sui</span> <span class='ocrx_word' id='word_1_201' title='bbox 1164 2558 1336 2622; x_wconf 90' lang='lat' dir='ltr'>iuramenti</span> <span class='ocrx_word' id='word_1_202' title='bbox 1367 2557 1509 2644; x_wconf 88' lang='lat' dir='ltr'>capitula</span> <span class='ocrx_word' id='word_1_203' title='bbox 1537 2557 1640 2621; x_wconf 89' lang='lat' dir='ltr'>eciam</span> 
     </span>
     <span class='ocr_line' id='line_1_22' title="bbox 219 2655 1641 2745; baseline -0.001 -25"><span class='ocrx_word' id='word_1_204' title='bbox 219 2656 328 2720; x_wconf 89' lang='lat' dir='ltr'>iurare</span> <span class='ocrx_word' id='word_1_205' title='bbox 349 2663 506 2738; x_wconf 88' lang='lat' dir='ltr'>teneatur,</span> <span class='ocrx_word' id='word_1_206' title='bbox 531 2656 617 2743; x_wconf 94' lang='lat' dir='ltr'>quod</span> <span class='ocrx_word' id='word_1_207' title='bbox 638 2681 698 2745; x_wconf 93' lang='lat' dir='ltr'>pro</span> <span class='ocrx_word' id='word_1_208' title='bbox 716 2660 784 2723; x_wconf 89' lang='lat' dir='ltr'>eius</span> <span class='ocrx_word' id='word_1_209' title='bbox 799 2657 981 2743; x_wconf 89' lang='lat' dir='ltr'>adeptione,</span> <span class='ocrx_word' id='word_1_210' title='bbox 997 2677 1101 2741; x_wconf 90' lang='lat' dir='ltr'>neque</span> <span class='ocrx_word' id='word_1_211' title='bbox 1120 2679 1178 2742; x_wconf 88' lang='lat' dir='ltr'>per</span> <span class='ocrx_word' id='word_1_212' title='bbox 1194 2679 1228 2720; x_wconf 92' lang='lat' dir='ltr'>se</span> <span class='ocrx_word' id='word_1_213' title='bbox 1248 2678 1304 2721; x_wconf 89' lang='lat' dir='ltr'>sen</span> <span class='ocrx_word' id='word_1_214' title='bbox 1318 2679 1377 2743; x_wconf 91' lang='lat' dir='ltr'>per</span> <span class='ocrx_word' id='word_1_215' title='bbox 1391 2657 1500 2738; x_wconf 88' lang='lat' dir='ltr'>alium,</span> <span class='ocrx_word' id='word_1_216' title='bbox 1519 2655 1641 2720; x_wconf 89' lang='lat' dir='ltr'>directe</span> 
     </span>
     <span class='ocr_line' id='line_1_23' title="bbox 219 2754 1640 2842; baseline -0.001 -22"><span class='ocrx_word' id='word_1_217' title='bbox 219 2778 276 2821; x_wconf 92' lang='lat' dir='ltr'>seu</span> <span class='ocrx_word' id='word_1_218' title='bbox 296 2754 464 2837; x_wconf 88' lang='lat' dir='ltr'>indirecte,</span> <span class='ocrx_word' id='word_1_219' title='bbox 486 2756 615 2842; x_wconf 88' lang='lat' dir='ltr'>publice</span> <span class='ocrx_word' id='word_1_220' title='bbox 628 2759 682 2824; x_wconf 90' lang='lat' dir='ltr'>vel</span> <span class='ocrx_word' id='word_1_221' title='bbox 695 2758 827 2840; x_wconf 88' lang='lat' dir='ltr'>occulte,</span> <span class='ocrx_word' id='word_1_222' title='bbox 844 2756 968 2821; x_wconf 88' lang='lat' dir='ltr'>instetit</span> <span class='ocrx_word' id='word_1_223' title='bbox 988 2765 1045 2820; x_wconf 90' lang='lat' dir='ltr'>aut</span> <span class='ocrx_word' id='word_1_224' title='bbox 1061 2777 1119 2841; x_wconf 92' lang='lat' dir='ltr'>per</span> <span class='ocrx_word' id='word_1_225' title='bbox 1132 2755 1212 2820; x_wconf 89' lang='lat' dir='ltr'>alios</span> <span class='ocrx_word' id='word_1_226' title='bbox 1230 2755 1283 2820; x_wconf 92' lang='lat' dir='ltr'>vel</span> <span class='ocrx_word' id='word_1_227' title='bbox 1300 2755 1398 2820; x_wconf 85' lang='lat' dir='ltr'>alium</span> <span class='ocrx_word' id='word_1_228' title='bbox 1415 2757 1537 2820; x_wconf 88' lang='lat' dir='ltr'>instare</span> <span class='ocrx_word' id='word_1_229' title='bbox 1553 2755 1640 2836; x_wconf 90' lang='lat' dir='ltr'>fecit,</span> 
     </span>
     <span class='ocr_line' id='line_1_24' title="bbox 219 2853 1640 2942; baseline -0.001 -23"><span class='ocrx_word' id='word_1_230' title='bbox 219 2865 275 2920; x_wconf 90' lang='lat' dir='ltr'>ant</span> <span class='ocrx_word' id='word_1_231' title='bbox 294 2855 382 2919; x_wconf 88' lang='lat' dir='ltr'>faeta</span> <span class='ocrx_word' id='word_1_232' title='bbox 403 2865 499 2940; x_wconf 88' lang='lat' dir='ltr'>grata</span> <span class='ocrx_word' id='word_1_233' title='bbox 520 2879 577 2922; x_wconf 89' lang='lat' dir='ltr'>seu</span> <span class='ocrx_word' id='word_1_234' title='bbox 595 2868 668 2923; x_wconf 90' lang='lat' dir='ltr'>rata</span> <span class='ocrx_word' id='word_1_235' title='bbox 684 2857 796 2923; x_wconf 89' lang='lat' dir='ltr'>habuit</span> <span class='ocrx_word' id='word_1_236' title='bbox 815 2856 868 2920; x_wconf 93' lang='lat' dir='ltr'>vel</span> <span class='ocrx_word' id='word_1_237' title='bbox 892 2853 1096 2942; x_wconf 90' lang='lat' dir='ltr'>approbavit.</span> <span class='ocrx_word' id='word_1_238' title='bbox 1140 2854 1174 2918; x_wconf 88' lang='lat' dir='ltr'>Si</span> <span class='ocrx_word' id='word_1_239' title='bbox 1197 2855 1270 2938; x_wconf 88' lang='lat' dir='ltr'>quis</span> <span class='ocrx_word' id='word_1_240' title='bbox 1282 2863 1389 2919; x_wconf 90' lang='lat' dir='ltr'>autem</span> <span class='ocrx_word' id='word_1_241' title='bbox 1399 2855 1462 2920; x_wconf 91' lang='lat' dir='ltr'>hoe</span> <span class='ocrx_word' id='word_1_242' title='bbox 1481 2857 1640 2920; x_wconf 88' lang='lat' dir='ltr'>iuramen-</span> 
     </span>
     <span class='ocr_line' id='line_1_25' title="bbox 219 2952 1640 3041; baseline 0.001 -23"><span class='ocrx_word' id='word_1_243' title='bbox 219 2962 286 3018; x_wconf 88' lang='lat' dir='ltr'>tum</span> <span class='ocrx_word' id='word_1_244' title='bbox 302 2963 471 3041; x_wconf 88' lang='lat' dir='ltr'>praestare</span> <span class='ocrx_word' id='word_1_245' title='bbox 483 2960 691 3040; x_wconf 89' lang='lat' dir='ltr'>recusaverit,</span> <span class='ocrx_word' id='word_1_246' title='bbox 706 2966 825 3021; x_wconf 89' lang='lat' dir='ltr'>extunc</span> <span class='ocrx_word' id='word_1_247' title='bbox 838 2954 881 3019; x_wconf 93' lang='lat' dir='ltr'>ad</span> <span class='ocrx_word' id='word_1_248' title='bbox 896 2954 1088 3018; x_wconf 88' lang='lat' dir='ltr'>decanatum</span> <span class='ocrx_word' id='word_1_249' title='bbox 1099 2952 1188 3018; x_wconf 89' lang='lat' dir='ltr'>illum</span> <span class='ocrx_word' id='word_1_250' title='bbox 1203 2952 1301 3019; x_wconf 91' lang='lat' dir='ltr'>debet</span> <span class='ocrx_word' id='word_1_251' title='bbox 1322 2977 1393 3019; x_wconf 88' lang='lat' dir='ltr'>esse</span> <span class='ocrx_word' id='word_1_252' title='bbox 1407 2955 1640 3021; x_wconf 89' lang='lat' dir='ltr'>inhabilitatus.</span> 
     </span>
    </p>

    <p class='ocr_par' dir='ltr' id='par_1_11' title="bbox 179 3052 1641 3539">
     <span class='ocr_line' id='line_1_26' title="bbox 179 3052 1641 3141; baseline -0.002 -21"><span class='ocrx_word' id='word_1_253' title='bbox 179 3063 212 3120; x_wconf 71' lang='grc'>25</span> <span class='ocrx_word' id='word_1_254' title='bbox 304 3053 384 3120; x_wconf 88' lang='lat' dir='ltr'>Item</span> <span class='ocrx_word' id='word_1_255' title='bbox 404 3076 475 3119; x_wconf 92' lang='lat' dir='ltr'>eum</span> <span class='ocrx_word' id='word_1_256' title='bbox 498 3055 625 3141; x_wconf 89' lang='lat' dir='ltr'>singula</span> <span class='ocrx_word' id='word_1_257' title='bbox 644 3056 752 3121; x_wconf 87' lang='lat' dir='ltr'>officia</span> <span class='ocrx_word' id='word_1_258' title='bbox 773 3053 910 3139; x_wconf 86' lang='lat' dir='ltr'>singulis</span> <span class='ocrx_word' id='word_1_259' title='bbox 933 3055 996 3117; x_wconf 92' lang='lat' dir='ltr'>sint</span> <span class='ocrx_word' id='word_1_260' title='bbox 1018 3052 1248 3119; x_wconf 90' lang='lat' dir='ltr'>committenda</span> <span class='ocrx_word' id='word_1_261' title='bbox 1266 3056 1424 3141; x_wconf 90' lang='lat' dir='ltr'>personis,</span> <span class='ocrx_word' id='word_1_262' title='bbox 1448 3054 1594 3120; x_wconf 89' lang='lat' dir='ltr'>volumus</span> <span class='ocrx_word' id='word_1_263' title='bbox 1610 3063 1641 3118; x_wconf 92' lang='lat' dir='ltr'>et</span> 
     </span>
     <span class='ocr_line' id='line_1_27' title="bbox 219 3151 1639 3241; baseline 0 -23"><span class='ocrx_word' id='word_1_264' title='bbox 219 3154 403 3237; x_wconf 89' lang='lat' dir='ltr'>statuimus,</span> <span class='ocrx_word' id='word_1_265' title='bbox 434 3154 520 3240; x_wconf 93' lang='lat' dir='ltr'>quod</span> <span class='ocrx_word' id='word_1_266' title='bbox 547 3154 688 3221; x_wconf 90' lang='lat' dir='ltr'>decanus</span> <span class='ocrx_word' id='word_1_267' title='bbox 713 3155 747 3218; x_wconf 94' lang='lat' dir='ltr'>in</span> <span class='ocrx_word' id='word_1_268' title='bbox 775 3156 938 3236; x_wconf 85' lang='lat' dir='ltr'>examine,</span> <span class='ocrx_word' id='word_1_269' title='bbox 968 3151 1209 3239; x_wconf 89' lang='lat' dir='ltr'>approbaeione</span> <span class='ocrx_word' id='word_1_270' title='bbox 1231 3162 1263 3217; x_wconf 89' lang='lat' dir='ltr'>et</span> <span class='ocrx_word' id='word_1_271' title='bbox 1290 3154 1519 3241; x_wconf 87' lang='lat' dir='ltr'>reprobatione</span> <span class='ocrx_word' id='word_1_272' title='bbox 1538 3155 1639 3240; x_wconf 91' lang='lat' dir='ltr'>magi·</span> 
     </span>
     <span class='ocr_line' id='line_1_28' title="bbox 221 3253 1641 3341; baseline -0.001 -22"><span class='ocrx_word' id='word_1_273' title='bbox 221 3253 429 3320; x_wconf 87' lang='lat' dir='ltr'>strandorum</span> <span class='ocrx_word' id='word_1_274' title='bbox 449 3276 553 3339; x_wconf 90' lang='lat' dir='ltr'>neque</span> <span class='ocrx_word' id='word_1_275' title='bbox 573 3277 632 3341; x_wconf 93' lang='lat' dir='ltr'>per</span> <span class='ocrx_word' id='word_1_276' title='bbox 654 3264 788 3335; x_wconf 88' lang='lat' dir='ltr'>sortem,</span> <span class='ocrx_word' id='word_1_277' title='bbox 818 3253 1023 3334; x_wconf 89' lang='lat' dir='ltr'>electionem,</span> <span class='ocrx_word' id='word_1_278' title='bbox 1054 3253 1311 3318; x_wconf 90' lang='lat' dir='ltr'>nominaoionem</span> <span class='ocrx_word' id='word_1_279' title='bbox 1341 3276 1398 3318; x_wconf 90' lang='lat' dir='ltr'>seu</span> <span class='ocrx_word' id='word_1_280' title='bbox 1419 3275 1641 3340; x_wconf 87' lang='lat' dir='ltr'>quameunque</span> 
     </span>
     <span class='ocr_line' id='line_1_29' title="bbox 219 3351 1641 3440; baseline -0.001 -22"><span class='ocrx_word' id='word_1_281' title='bbox 219 3352 316 3418; x_wconf 88' lang='lat' dir='ltr'>aliam</span> <span class='ocrx_word' id='word_1_282' title='bbox 339 3353 584 3440; x_wconf 88' lang='lat' dir='ltr'>dispositionem</span> <span class='ocrx_word' id='word_1_283' title='bbox 600 3353 706 3418; x_wconf 87' lang='lat' dir='ltr'>locum</span> <span class='ocrx_word' id='word_1_284' title='bbox 728 3363 784 3417; x_wconf 89' lang='lat' dir='ltr'>aut</span> <span class='ocrx_word' id='word_1_285' title='bbox 805 3375 917 3417; x_wconf 89' lang='lat' dir='ltr'>vocem</span> <span class='ocrx_word' id='word_1_286' title='bbox 937 3351 1066 3434; x_wconf 91' lang='lat' dir='ltr'>habeat,</span> <span class='ocrx_word' id='word_1_287' title='bbox 1090 3351 1148 3416; x_wconf 88' lang='lat' dir='ltr'>sed</span> <span class='ocrx_word' id='word_1_288' title='bbox 1169 3351 1212 3417; x_wconf 91' lang='lat' dir='ltr'>ad</span> <span class='ocrx_word' id='word_1_289' title='bbox 1232 3351 1312 3416; x_wconf 90' lang='lat' dir='ltr'>illud</span> <span class='ocrx_word' id='word_1_290' title='bbox 1334 3352 1390 3417; x_wconf 89' lang='lat' dir='ltr'>alii</span> <span class='ocrx_word' id='word_1_291' title='bbox 1411 3354 1561 3438; x_wconf 87' lang='lat' dir='ltr'>magistri</span> <span class='ocrx_word' id='word_1_292' title='bbox 1582 3374 1641 3439; x_wconf 92' lang='lat' dir='ltr'>per</span> 
     </span>
     <span class='ocr_line' id='line_1_30' title="bbox 223 3452 565 3539; baseline -0.003 -21"><span class='ocrx_word' id='word_1_293' title='bbox 223 3463 343 3519; x_wconf 86' lang='lat' dir='ltr'>sortem</span> <span class='ocrx_word' id='word_1_294' title='bbox 366 3452 536 3539; x_wconf 86' lang='lat' dir='ltr'>eligantur.</span> <span class='ocrx_word' id='word_1_295' title='bbox 561 3527 565 3535; x_wconf 27' lang='grc' dir='ltr'>Ι</span> 
     </span>
    </p>

    <p class='ocr_par' dir='ltr' id='par_1_12' title="bbox 176 3551 1640 4039">
     <span class='ocr_line' id='line_1_31' title="bbox 176 3551 1639 3638; baseline -0.003 -18"><span class='ocrx_word' id='word_1_296' title='bbox 176 3563 212 3620; x_wconf 81' lang='grc'>30</span> <span class='ocrx_word' id='word_1_297' title='bbox 302 3551 384 3617; x_wconf 90' lang='lat' dir='ltr'>Item</span> <span class='ocrx_word' id='word_1_298' title='bbox 407 3553 585 3634; x_wconf 90' lang='lat' dir='ltr'>statuimus,</span> <span class='ocrx_word' id='word_1_299' title='bbox 608 3552 693 3638; x_wconf 92' lang='lat' dir='ltr'>quod</span> <span class='ocrx_word' id='word_1_300' title='bbox 713 3553 811 3617; x_wconf 91' lang='lat' dir='ltr'>iidem</span> <span class='ocrx_word' id='word_1_301' title='bbox 829 3553 1067 3618; x_wconf 88' lang='lat' dir='ltr'>examinatores</span> <span class='ocrx_word' id='word_1_302' title='bbox 1090 3552 1183 3615; x_wconf 88' lang='lat' dir='ltr'>iuxta</span> <span class='ocrx_word' id='word_1_303' title='bbox 1196 3552 1362 3637; x_wconf 92' lang='lat' dir='ltr'>antiquum</span> <span class='ocrx_word' id='word_1_304' title='bbox 1382 3551 1524 3616; x_wconf 90' lang='lat' dir='ltr'>eiusdem</span> <span class='ocrx_word' id='word_1_305' title='bbox 1540 3551 1639 3616; x_wconf 87' lang='lat' dir='ltr'>facul·</span> 
     </span>
     <span class='ocr_line' id='line_1_32' title="bbox 217 3650 1639 3736; baseline -0.001 -19"><span class='ocrx_word' id='word_1_306' title='bbox 217 3652 297 3717; x_wconf 90' lang='lat' dir='ltr'>tatis</span> <span class='ocrx_word' id='word_1_307' title='bbox 319 3661 473 3717; x_wconf 87' lang='lat' dir='ltr'>statutum</span> <span class='ocrx_word' id='word_1_308' title='bbox 492 3653 600 3716; x_wconf 90' lang='lat' dir='ltr'>iurare</span> <span class='ocrx_word' id='word_1_309' title='bbox 622 3651 740 3718; x_wconf 92' lang='lat' dir='ltr'>debent</span> <span class='ocrx_word' id='word_1_310' title='bbox 759 3654 793 3717; x_wconf 93' lang='lat' dir='ltr'>in</span> <span class='ocrx_word' id='word_1_311' title='bbox 813 3651 875 3716; x_wconf 89' lang='lat' dir='ltr'>hac</span> <span class='ocrx_word' id='word_1_312' title='bbox 896 3651 1014 3716; x_wconf 90' lang='lat' dir='ltr'>forma:</span> <span class='ocrx_word' id='word_1_313' title='bbox 1036 3651 1130 3736; x_wconf 87' lang='lat' dir='ltr'>„Ego</span> <span class='ocrx_word' id='word_1_314' title='bbox 1152 3650 1192 3714; x_wconf 90' lang='lat' dir='ltr'>N.</span> <span class='ocrx_word' id='word_1_315' title='bbox 1213 3651 1284 3714; x_wconf 89' lang='lat' dir='ltr'>iuro</span> <span class='ocrx_word' id='word_1_316' title='bbox 1305 3650 1409 3733; x_wconf 91' lang='lat' dir='ltr'>vobis,</span> <span class='ocrx_word' id='word_1_317' title='bbox 1434 3651 1564 3717; x_wconf 91' lang='lat' dir='ltr'>domino</span> <span class='ocrx_word' id='word_1_318' title='bbox 1586 3651 1639 3716; x_wconf 89' lang='lat' dir='ltr'>de·</span> 
     </span>
     <span class='ocr_line' id='line_1_33' title="bbox 217 3750 1640 3836; baseline -0.001 -19"><span class='ocrx_word' id='word_1_319' title='bbox 217 3774 309 3835; x_wconf 88' lang='lat' dir='ltr'>cano,</span> <span class='ocrx_word' id='word_1_320' title='bbox 330 3750 417 3836; x_wconf 90' lang='lat' dir='ltr'>quod</span> <span class='ocrx_word' id='word_1_321' title='bbox 436 3750 534 3816; x_wconf 92' lang='lat' dir='ltr'>velim</span> <span class='ocrx_word' id='word_1_322' title='bbox 553 3752 588 3814; x_wconf 94' lang='lat' dir='ltr'>in</span> <span class='ocrx_word' id='word_1_323' title='bbox 609 3751 670 3817; x_wconf 94' lang='lat' dir='ltr'>hoc</span> <span class='ocrx_word' id='word_1_324' title='bbox 692 3755 840 3817; x_wconf 88' lang='lat' dir='ltr'>examine</span> <span class='ocrx_word' id='word_1_325' title='bbox 862 3750 1032 3816; x_wconf 86' lang='lat' dir='ltr'>admittere</span> <span class='ocrx_word' id='word_1_326' title='bbox 1054 3750 1169 3836; x_wconf 91' lang='lat' dir='ltr'>dignos</span> <span class='ocrx_word' id='word_1_327' title='bbox 1191 3759 1222 3814; x_wconf 91' lang='lat' dir='ltr'>et</span> <span class='ocrx_word' id='word_1_328' title='bbox 1240 3750 1364 3814; x_wconf 89' lang='lat' dir='ltr'>reicere</span> <span class='ocrx_word' id='word_1_329' title='bbox 1387 3750 1553 3836; x_wconf 88' lang='lat' dir='ltr'>indignos,</span> <span class='ocrx_word' id='word_1_330' title='bbox 1574 3774 1640 3818; x_wconf 92' lang='lat' dir='ltr'>non</span> 
     </span>
     <span class='ocr_line' id='line_1_34' title="bbox 217 3849 1638 3938; baseline -0.001 -20"><span class='ocrx_word' id='word_1_331' title='bbox 217 3851 367 3918; x_wconf 90' lang='lat' dir='ltr'>habendo</span> <span class='ocrx_word' id='word_1_332' title='bbox 396 3851 440 3916; x_wconf 91' lang='lat' dir='ltr'>ad</span> <span class='ocrx_word' id='word_1_333' title='bbox 461 3851 725 3917; x_wconf 88' lang='lat' dir='ltr'>circumstancias</span> <span class='ocrx_word' id='word_1_334' title='bbox 753 3873 966 3938; x_wconf 91' lang='lat' dir='ltr'>personarum</span> <span class='ocrx_word' id='word_1_335' title='bbox 994 3860 1049 3915; x_wconf 91' lang='lat' dir='ltr'>aut</span> <span class='ocrx_word' id='word_1_336' title='bbox 1075 3849 1296 3932; x_wconf 88' lang='lat' dir='ltr'>condiciones,</span> <span class='ocrx_word' id='word_1_337' title='bbox 1326 3871 1384 3936; x_wconf 90' lang='lat' dir='ltr'>per</span> <span class='ocrx_word' id='word_1_338' title='bbox 1410 3872 1491 3935; x_wconf 85' lang='lat' dir='ltr'>quas</span> <span class='ocrx_word' id='word_1_339' title='bbox 1512 3851 1638 3938; x_wconf 92' lang='lat' dir='ltr'>indigni</span> 
     </span>
     <span class='ocr_line' id='line_1_35' title="bbox 217 3947 1638 4039; baseline -0.002 -21"><span class='ocrx_word' id='word_1_340' title='bbox 217 3952 401 4039; x_wconf 86' lang='lat' dir='ltr'>promoveri</span> <span class='ocrx_word' id='word_1_341' title='bbox 422 3961 555 4037; x_wconf 90' lang='lat' dir='ltr'>possent</span> <span class='ocrx_word' id='word_1_342' title='bbox 576 3960 632 4016; x_wconf 90' lang='lat' dir='ltr'>aut</span> <span class='ocrx_word' id='word_1_343' title='bbox 659 3949 750 4036; x_wconf 91' lang='lat' dir='ltr'>digni</span> <span class='ocrx_word' id='word_1_344' title='bbox 771 3953 925 4016; x_wconf 90' lang='lat' dir='ltr'>amoveri.</span> <span class='ocrx_word' id='word_1_345' title='bbox 968 3950 1024 4016; x_wconf 85' lang='lat' dir='ltr'>Sic</span> <span class='ocrx_word' id='word_1_346' title='bbox 1049 3972 1101 4014; x_wconf 92' lang='lat' dir='ltr'>me</span> <span class='ocrx_word' id='word_1_347' title='bbox 1122 3948 1201 4014; x_wconf 92' lang='lat' dir='ltr'>deus</span> <span class='ocrx_word' id='word_1_348' title='bbox 1230 3947 1363 4014; x_wconf 88' lang='lat' dir='ltr'>adiuvet</span> <span class='ocrx_word' id='word_1_349' title='bbox 1388 3958 1420 4014; x_wconf 92' lang='lat' dir='ltr'>et</span> <span class='ocrx_word' id='word_1_350' title='bbox 1445 3960 1558 4014; x_wconf 89' lang='lat' dir='ltr'>saneta</span> <span class='ocrx_word' id='word_1_351' title='bbox 1586 3949 1638 4015; x_wconf 92' lang='lat' dir='ltr'>dei</span> 
     </span>
    </p>

    <p class='ocr_par' dir='ltr' id='par_1_13' title="bbox 176 4049 422 4136">
     <span class='ocr_line' id='line_1_36' title="bbox 176 4049 422 4136; baseline -0.012 -19"><span class='ocrx_word' id='word_1_352' title='bbox 176 4049 422 4136; x_wconf 85' lang='lat' dir='ltr'>35evangelia.“</span> 
     </span>
    </p>

    <p class='ocr_par' dir='ltr' id='par_1_14' title="bbox 216 4146 1638 4536">
     <span class='ocr_line' id='line_1_37' title="bbox 299 4146 1638 4236; baseline 0.002 -23"><span class='ocrx_word' id='word_1_353' title='bbox 299 4148 379 4214; x_wconf 91' lang='lat' dir='ltr'>Item</span> <span class='ocrx_word' id='word_1_354' title='bbox 409 4147 494 4234; x_wconf 92' lang='lat' dir='ltr'>quod</span> <span class='ocrx_word' id='word_1_355' title='bbox 520 4148 627 4234; x_wconf 90' lang='lat' dir='ltr'>quoad</span> <span class='ocrx_word' id='word_1_356' title='bbox 650 4151 869 4236; x_wconf 90' lang='lat' dir='ltr'>promotiones</span> <span class='ocrx_word' id='word_1_357' title='bbox 894 4146 1077 4213; x_wconf 88' lang='lat' dir='ltr'>huiusmodi</span> <span class='ocrx_word' id='word_1_358' title='bbox 1112 4170 1241 4213; x_wconf 86' lang='lat' dir='ltr'>cessare</span> <span class='ocrx_word' id='word_1_359' title='bbox 1275 4147 1394 4213; x_wconf 91' lang='lat' dir='ltr'>debent</span> <span class='ocrx_word' id='word_1_360' title='bbox 1424 4147 1638 4235; x_wconf 91' lang='lat' dir='ltr'>dispensatio-</span> 
     </span>
     <span class='ocr_line' id='line_1_38' title="bbox 216 4247 1638 4336; baseline 0.003 -24"><span class='ocrx_word' id='word_1_361' title='bbox 216 4270 284 4332; x_wconf 89' lang='lat' dir='ltr'>nes,</span> <span class='ocrx_word' id='word_1_362' title='bbox 306 4270 387 4333; x_wconf 87' lang='lat' dir='ltr'>quas</span> <span class='ocrx_word' id='word_1_363' title='bbox 409 4251 522 4331; x_wconf 86' lang='lat' dir='ltr'>ceiam,</span> <span class='ocrx_word' id='word_1_364' title='bbox 544 4251 572 4314; x_wconf 89' lang='lat' dir='ltr'>si</span> <span class='ocrx_word' id='word_1_365' title='bbox 593 4250 627 4313; x_wconf 93' lang='lat' dir='ltr'>in</span> <span class='ocrx_word' id='word_1_366' title='bbox 647 4258 812 4336; x_wconf 90' lang='lat' dir='ltr'>posterum</span> <span class='ocrx_word' id='word_1_367' title='bbox 825 4247 948 4331; x_wconf 89' lang='lat' dir='ltr'>fierent,</span> <span class='ocrx_word' id='word_1_368' title='bbox 971 4248 1147 4330; x_wconf 90' lang='lat' dir='ltr'>irritamus,</span> <span class='ocrx_word' id='word_1_369' title='bbox 1168 4270 1345 4330; x_wconf 88' lang='lat' dir='ltr'>cassamus,</span> <span class='ocrx_word' id='word_1_370' title='bbox 1368 4247 1558 4333; x_wconf 89' lang='lat' dir='ltr'>anullamus,</span> <span class='ocrx_word' id='word_1_371' title='bbox 1577 4274 1638 4316; x_wconf 90' lang='lat' dir='ltr'>neo</span> 
     </span>
     <span class='ocr_line' id='line_1_39' title="bbox 216 4346 1637 4436; baseline 0.004 -24"><span class='ocrx_word' id='word_1_372' title='bbox 216 4349 263 4412; x_wconf 88' lang='lat' dir='ltr'>eis</span> <span class='ocrx_word' id='word_1_373' title='bbox 293 4348 413 4414; x_wconf 90' lang='lat' dir='ltr'>debent</span> <span class='ocrx_word' id='word_1_374' title='bbox 440 4348 583 4436; x_wconf 89' lang='lat' dir='ltr'>gaudere</span> <span class='ocrx_word' id='word_1_375' title='bbox 609 4348 821 4435; x_wconf 89' lang='lat' dir='ltr'>promovendi</span> <span class='ocrx_word' id='word_1_376' title='bbox 848 4371 909 4412; x_wconf 89' lang='lat' dir='ltr'>nee</span> <span class='ocrx_word' id='word_1_377' title='bbox 937 4346 1067 4412; x_wconf 88' lang='lat' dir='ltr'>easdem</span> <span class='ocrx_word' id='word_1_378' title='bbox 1097 4346 1263 4412; x_wconf 89' lang='lat' dir='ltr'>attendere</span> <span class='ocrx_word' id='word_1_379' title='bbox 1291 4349 1544 4432; x_wconf 86' lang='lat' dir='ltr'>examinatores,</span> <span class='ocrx_word' id='word_1_380' title='bbox 1574 4353 1637 4416; x_wconf 91' lang='lat' dir='ltr'>nisi</span> 
     </span>
     <span class='ocr_line' id='line_1_40' title="bbox 217 4446 1637 4536; baseline 0.003 -25"><span class='ocrx_word' id='word_1_381' title='bbox 217 4457 406 4514; x_wconf 89' lang='lat' dir='ltr'>executores</span> <span class='ocrx_word' id='word_1_382' title='bbox 429 4471 501 4513; x_wconf 90' lang='lat' dir='ltr'>cum</span> <span class='ocrx_word' id='word_1_383' title='bbox 523 4447 805 4534; x_wconf 90' lang='lat' dir='ltr'>superintendente</span> <span class='ocrx_word' id='word_1_384' title='bbox 827 4470 942 4513; x_wconf 89' lang='lat' dir='ltr'>causas</span> <span class='ocrx_word' id='word_1_385' title='bbox 970 4449 1073 4512; x_wconf 86' lang='lat' dir='ltr'>iustas</span> <span class='ocrx_word' id='word_1_386' title='bbox 1094 4458 1126 4512; x_wconf 92' lang='lat' dir='ltr'>et</span> <span class='ocrx_word' id='word_1_387' title='bbox 1147 4446 1357 4512; x_wconf 88' lang='lat' dir='ltr'>rationabiles</span> <span class='ocrx_word' id='word_1_388' title='bbox 1378 4448 1412 4511; x_wconf 94' lang='lat' dir='ltr'>in</span> <span class='ocrx_word' id='word_1_389' title='bbox 1433 4447 1540 4534; x_wconf 89' lang='lat' dir='ltr'>aliquo</span> <span class='ocrx_word' id='word_1_390' title='bbox 1563 4473 1637 4536; x_wconf 90' lang='lat' dir='ltr'>pro-</span> 
     </span>
    </p>
   </div>
   <div class='ocr_carea' id='block_1_3' title="bbox 175 4543 1637 5232">
    <p class='ocr_par' dir='ltr' id='par_1_15' title="bbox 175 4543 1637 5232">
     <span class='ocr_line' id='line_1_41' title="bbox 175 4543 1637 4634; baseline 0.002 -23"><span class='ocrx_word' id='word_1_391' title='bbox 175 4555 208 4611; x_wconf 77' lang='lat' dir='ltr'>to</span> <span class='ocrx_word' id='word_1_392' title='bbox 217 4546 386 4629; x_wconf 88' lang='lat' dir='ltr'>movendo,</span> <span class='ocrx_word' id='word_1_393' title='bbox 394 4556 530 4634; x_wconf 88' lang='lat' dir='ltr'>propter</span> <span class='ocrx_word' id='word_1_394' title='bbox 543 4569 623 4633; x_wconf 89' lang='lat' dir='ltr'>quas</span> <span class='ocrx_word' id='word_1_395' title='bbox 635 4546 897 4634; x_wconf 89' lang='lat' dir='ltr'>dispensandum,</span> <span class='ocrx_word' id='word_1_396' title='bbox 912 4556 1134 4633; x_wconf 90' lang='lat' dir='ltr'>agnoscerent,</span> <span class='ocrx_word' id='word_1_397' title='bbox 1146 4547 1281 4632; x_wconf 81' lang='lat' dir='ltr'>quorum</span> <span class='ocrx_word' id='word_1_398' title='bbox 1291 4543 1338 4633; x_wconf 72' lang='lat' dir='ltr'>(f)</span> <span class='ocrx_word' id='word_1_399' title='bbox 1350 4569 1460 4613; x_wconf 91' lang='lat' dir='ltr'>eorum</span> <span class='ocrx_word' id='word_1_400' title='bbox 1472 4552 1637 4614; x_wconf 90' lang='lat' dir='ltr'>conscien-</span> 
     </span>
     <span class='ocr_line' id='line_1_42' title="bbox 217 4644 1595 4733; baseline 0.003 -24"><span class='ocrx_word' id='word_1_401' title='bbox 217 4646 284 4709; x_wconf 89' lang='lat' dir='ltr'>cias</span> <span class='ocrx_word' id='word_1_402' title='bbox 307 4666 494 4729; x_wconf 89' lang='lat' dir='ltr'>oneramus,</span> <span class='ocrx_word' id='word_1_403' title='bbox 515 4649 570 4731; x_wconf 92' lang='lat' dir='ltr'>qui</span> <span class='ocrx_word' id='word_1_404' title='bbox 590 4656 668 4710; x_wconf 92' lang='lat' dir='ltr'>tune</span> <span class='ocrx_word' id='word_1_405' title='bbox 689 4647 736 4711; x_wconf 89' lang='lat' dir='ltr'>sic</span> <span class='ocrx_word' id='word_1_406' title='bbox 757 4657 789 4710; x_wconf 91' lang='lat' dir='ltr'>et</span> <span class='ocrx_word' id='word_1_407' title='bbox 808 4669 873 4710; x_wconf 92' lang='lat' dir='ltr'>non</span> <span class='ocrx_word' id='word_1_408' title='bbox 895 4645 987 4710; x_wconf 89' lang='lat' dir='ltr'>aliter</span> <span class='ocrx_word' id='word_1_409' title='bbox 1010 4669 1082 4711; x_wconf 91' lang='lat' dir='ltr'>cum</span> <span class='ocrx_word' id='word_1_410' title='bbox 1103 4645 1217 4712; x_wconf 91' lang='lat' dir='ltr'>eodem</span> <span class='ocrx_word' id='word_1_411' title='bbox 1239 4644 1429 4732; x_wconf 87' lang='lat' dir='ltr'>dispensare</span> <span class='ocrx_word' id='word_1_412' title='bbox 1449 4659 1595 4733; x_wconf 88' lang='lat' dir='ltr'>possunt.</span> 
     </span>
     <span class='ocr_line' id='line_1_43' title="bbox 298 4743 1637 4834; baseline 0.005 -28"><span class='ocrx_word' id='word_1_413' title='bbox 298 4743 522 4810; x_wconf 87' lang='lat' dir='ltr'>Pariformiter</span> <span class='ocrx_word' id='word_1_414' title='bbox 542 4746 689 4811; x_wconf 92' lang='lat' dir='ltr'>volumus</span> <span class='ocrx_word' id='word_1_415' title='bbox 711 4754 743 4809; x_wconf 89' lang='lat' dir='ltr'>et</span> <span class='ocrx_word' id='word_1_416' title='bbox 764 4744 971 4827; x_wconf 88' lang='lat' dir='ltr'>mandamus,</span> <span class='ocrx_word' id='word_1_417' title='bbox 997 4746 1084 4832; x_wconf 92' lang='lat' dir='ltr'>quod</span> <span class='ocrx_word' id='word_1_418' title='bbox 1105 4745 1258 4832; x_wconf 88' lang='lat' dir='ltr'>deinceps</span> <span class='ocrx_word' id='word_1_419' title='bbox 1278 4744 1384 4810; x_wconf 89' lang='lat' dir='ltr'>nullus</span> <span class='ocrx_word' id='word_1_420' title='bbox 1407 4769 1468 4834; x_wconf 92' lang='lat' dir='ltr'>pro</span> <span class='ocrx_word' id='word_1_421' title='bbox 1488 4749 1637 4814; x_wconf 87' lang='lat' dir='ltr'>vicecan-</span> 
     </span>
     <span class='ocr_line' id='line_1_44' title="bbox 218 4842 1636 4935; baseline 0.006 -27"><span class='ocrx_word' id='word_1_422' title='bbox 218 4842 385 4908; x_wconf 89' lang='lat' dir='ltr'>oellariatu</span> <span class='ocrx_word' id='word_1_423' title='bbox 408 4854 563 4930; x_wconf 90' lang='lat' dir='ltr'>perpetuo</span> <span class='ocrx_word' id='word_1_424' title='bbox 587 4844 630 4909; x_wconf 90' lang='lat' dir='ltr'>ad</span> <span class='ocrx_word' id='word_1_425' title='bbox 651 4867 770 4911; x_wconf 89' lang='lat' dir='ltr'>annum</span> <span class='ocrx_word' id='word_1_426' title='bbox 793 4866 848 4909; x_wconf 89' lang='lat' dir='ltr'>seu</span> <span class='ocrx_word' id='word_1_427' title='bbox 871 4867 972 4911; x_wconf 90' lang='lat' dir='ltr'>annos</span> <span class='ocrx_word' id='word_1_428' title='bbox 993 4868 1051 4933; x_wconf 89' lang='lat' dir='ltr'>per</span> <span class='ocrx_word' id='word_1_429' title='bbox 1071 4869 1106 4911; x_wconf 91' lang='lat' dir='ltr'>se</span> <span class='ocrx_word' id='word_1_430' title='bbox 1125 4845 1178 4911; x_wconf 93' lang='lat' dir='ltr'>vel</span> <span class='ocrx_word' id='word_1_431' title='bbox 1200 4868 1258 4933; x_wconf 91' lang='lat' dir='ltr'>per</span> <span class='ocrx_word' id='word_1_432' title='bbox 1280 4845 1378 4910; x_wconf 89' lang='lat' dir='ltr'>alium</span> <span class='ocrx_word' id='word_1_433' title='bbox 1394 4847 1493 4913; x_wconf 90' lang='lat' dir='ltr'>instet</span> <span class='ocrx_word' id='word_1_434' title='bbox 1508 4870 1636 4935; x_wconf 89' lang='lat' dir='ltr'>quoquo</span> 
     </span>
     <span class='ocr_line' id='line_1_45' title="bbox 218 4942 1636 5034; baseline 0.003 -25"><span class='ocrx_word' id='word_1_435' title='bbox 218 4942 324 5025; x_wconf 91' lang='lat' dir='ltr'>modo,</span> <span class='ocrx_word' id='word_1_436' title='bbox 348 4942 405 5008; x_wconf 92' lang='lat' dir='ltr'>sed</span> <span class='ocrx_word' id='word_1_437' title='bbox 426 4965 504 5008; x_wconf 87' lang='lat' dir='ltr'>casu</span> <span class='ocrx_word' id='word_1_438' title='bbox 526 4966 560 5008; x_wconf 88' lang='lat' dir='ltr'>se</span> <span class='ocrx_word' id='word_1_439' title='bbox 585 4944 738 5009; x_wconf 89' lang='lat' dir='ltr'>offerente</span> <span class='ocrx_word' id='word_1_440' title='bbox 760 4966 817 5030; x_wconf 87' lang='lat' dir='ltr'>per</span> <span class='ocrx_word' id='word_1_441' title='bbox 839 4943 920 5009; x_wconf 89' lang='lat' dir='ltr'>dnos</span> <span class='ocrx_word' id='word_1_442' title='bbox 936 4967 1062 5010; x_wconf 87' lang='lat' dir='ltr'>menses</span> <span class='ocrx_word' id='word_1_443' title='bbox 1078 4955 1153 5010; x_wconf 92' lang='lat' dir='ltr'>ante</span> <span class='ocrx_word' id='word_1_444' title='bbox 1174 4946 1334 5010; x_wconf 89' lang='lat' dir='ltr'>examinis</span> <span class='ocrx_word' id='word_1_445' title='bbox 1355 4948 1555 5033; x_wconf 90' lang='lat' dir='ltr'>apertionem</span> <span class='ocrx_word' id='word_1_446' title='bbox 1577 4971 1636 5034; x_wconf 93' lang='lat' dir='ltr'>per</span> 
     </span>
     <span class='ocr_line' id='line_1_46' title="bbox 177 5041 1636 5131; baseline 0.005 -25"><span class='ocrx_word' id='word_1_447' title='bbox 177 5042 365 5107; x_wconf 55' lang='lat' dir='ltr'>&amp;nationes</span> <span class='ocrx_word' id='word_1_448' title='bbox 394 5041 567 5106; x_wconf 88' lang='lat' dir='ltr'>seeundum</span> <span class='ocrx_word' id='word_1_449' title='bbox 596 5042 771 5108; x_wconf 82' lang='lat' dir='ltr'>eanmdem</span> <span class='ocrx_word' id='word_1_450' title='bbox 801 5043 946 5108; x_wconf 91' lang='lat' dir='ltr'>ordinem</span> <span class='ocrx_word' id='word_1_451' title='bbox 972 5044 1170 5131; x_wconf 90' lang='lat' dir='ltr'>impetretur.</span> <span class='ocrx_word' id='word_1_452' title='bbox 1213 5044 1248 5109; x_wconf 80' lang='lat' dir='ltr'>si</span> <span class='ocrx_word' id='word_1_453' title='bbox 1264 5046 1351 5130; x_wconf 91' lang='lat' dir='ltr'>&#39;quis</span> <span class='ocrx_word' id='word_1_454' title='bbox 1381 5056 1488 5111; x_wconf 90' lang='lat' dir='ltr'>autem</span> <span class='ocrx_word' id='word_1_455' title='bbox 1509 5057 1636 5114; x_wconf 90' lang='lat' dir='ltr'>contra·</span> 
     </span>
     <span class='ocr_line' id='line_1_47' title="bbox 216 5141 1636 5232; baseline 0.004 -26"><span class='ocrx_word' id='word_1_456' title='bbox 216 5141 300 5206; x_wconf 90' lang='lat' dir='ltr'>rium</span> <span class='ocrx_word' id='word_1_457' title='bbox 321 5141 448 5223; x_wconf 88' lang='lat' dir='ltr'>fecerit,</span> <span class='ocrx_word' id='word_1_458' title='bbox 475 5162 586 5207; x_wconf 88' lang='lat' dir='ltr'>carere</span> <span class='ocrx_word' id='word_1_459' title='bbox 608 5141 705 5209; x_wconf 89' lang='lat' dir='ltr'>debet</span> <span class='ocrx_word' id='word_1_460' title='bbox 726 5142 909 5231; x_wconf 88' lang='lat' dir='ltr'>impetratis</span> <span class='ocrx_word' id='word_1_461' title='bbox 937 5153 969 5207; x_wconf 92' lang='lat' dir='ltr'>et</span> <span class='ocrx_word' id='word_1_462' title='bbox 989 5165 1011 5208; x_wconf 89' lang='lat' dir='ltr'>a</span> <span class='ocrx_word' id='word_1_463' title='bbox 1031 5143 1184 5210; x_wconf 85' lang='lat' dir='ltr'>facultate</span> <span class='ocrx_word' id='word_1_464' title='bbox 1211 5167 1270 5210; x_wconf 90' lang='lat' dir='ltr'>sua</span> <span class='ocrx_word' id='word_1_465' title='bbox 1290 5167 1349 5232; x_wconf 90' lang='lat' dir='ltr'>per</span> <span class='ocrx_word' id='word_1_466' title='bbox 1370 5147 1542 5212; x_wconf 88' lang='lat' dir='ltr'>triennium</span> <span class='ocrx_word' id='word_1_467' title='bbox 1564 5169 1636 5213; x_wconf 90' lang='lat' dir='ltr'>esse</span> 
     </span>
    </p>
   </div>
   <div class='ocr_carea' id='block_1_4' title="bbox 0 0 1882 6151">
    <p class='ocr_par' dir='ltr' id='par_1_16' title="bbox 0 0 1882 6151">
     <span class='ocr_line' id='line_1_48' title="bbox 0 0 1882 6151; baseline 0 0"><span class='ocrx_word' id='word_1_468' title='bbox 0 0 1882 6151; x_wconf 95' lang='lat' dir='ltr'> </span> 
     </span>
    </p>
   </div>
  </div>
 </body>
</html>
