3756 6158
255 487 314 550 414
763 481 813 533 Die
832 482 1051 563 phssouophische
1068 482 1196 533 Faculttt.

334 665 416 754 Item
436 662 543 727 nullus
565 661 607 727 ad
629 685 766 728 examen
786 664 844 729 vel·
859 671 1056 751 temptamen
1078 663 1276 746 admittatur,
1304 664 1369 728 nisi
1389 685 1502 729 coram
1523 660 1667 727 omnibus

250 765 414 849 magistris
435 772 581 848 tempore
600 762 852 850 dispensationis
876 773 932 827 aut
951 765 1185 852 conspectionis
1207 784 1420 850 personarum
1448 765 1483 826 in
1509 764 1668 826 conscien-

250 866 301 927 cia
322 885 382 928 sua
404 861 506 944 dicat,
538 860 625 947 quod
651 861 805 928 lectiones
832 885 907 927 suas
936 872 968 925 et
996 863 1159 929 exercicia
1186 871 1218 926 et
1244 862 1309 926 alia
1330 860 1508 926 secundum
1529 871 1668 925 tenorem

250 970 442 1027 statutorum
463 962 736 1048 praescriptorum
753 985 824 1026 cum
840 961 1014 1048 diligencia
1034 961 1196 1027 audiverit
1218 971 1249 1025 et
1270 961 1355 1048 quod
1376 959 1556 1046 quemlibet
1574 961 1668 1045 magi·

206 1069 223 1126 5
251 1071 361 1142 suum,
388 1082 491 1146 aquo
517 1059 685 1125 lectionem
706 1060 759 1125 vel
787 1063 982 1126 exercicium
1009 1060 1148 1143 audivit,
1179 1060 1239 1126 sub
1267 1061 1404 1127 lectione
1430 1059 1484 1125 vel
1511 1061 1668 1131 exercicio

204 1233 207 1240 ,
249 1158 423 1225 secundum
445 1167 588 1224 tenorem
612 1161 723 1224 statuti
745 1159 886 1248 desuper
908 1161 1043 1227 confecti
1064 1170 1248 1247 contentum
1272 1161 1392 1226 lecerit.

531 1349 577 1410 14.
597 1360 644 1407 us
665 1360 816 1409 noamus
838 1363 884 1409 nr
905 1337 1041 1409 seruus
1063 1349 1388 1412 raouovunnoaum

802 1481 862 1543 Vgl.
882 1480 928 1540 vr,
948 1479 986 1530 12.
1007 1480 1081 1545 vm,
1099 1482 1122 1533 a.

330 1610 410 1676 Item
432 1609 539 1676 nullus
561 1608 750 1674 admittatur
772 1603 820 1673 ‘ad
848 1630 984 1676 examen
1012 1633 1072 1697 pro
1093 1601 1459 1697 gradubaccalariatus
1480 1610 1516 1675 in
1538 1607 1665 1688 artibus,

209 1713 314 1777 tonisi
343 1705 488 1796 attigerit
515 1731 634 1773 annum
666 1715 712 1789 17,
741 1731 802 1773 nec
830 1733 890 1796 pro
925 1709 1031 1796 gradu
1059 1713 1266 1797 magisterii,
1282 1713 1346 1776 nisi
1377 1710 1527 1797 attigerit
1556 1729 1665 1773 annum

248 1811 437 1875 vicesimum
465 1810 605 1896 primum
631 1816 663 1871 et
690 1806 730 1890 de
758 1807 923 1894 legittimo
943 1812 1148 1876 matrimonio
1170 1820 1266 1875 natus
1288 1811 1344 1892 sit,
1372 1818 1405 1874 et
1426 1806 1510 1874 alias
1530 1805 1666 1873 moribus

249 1907 514 1975 commendabilis
536 1908 680 1989 existatt,
700 1909 746 1972 sic
768 1908 853 1994 qu'od
875 1910 910 1974 in
932 1908 1019 1974 nullo
1041 1931 1179 1974 excessu
1200 1909 1336 1991 notabili
1357 1919 1390 1974 et
1408 1909 1539 1974 notorio
1560 1906 1666 1993 <lepre

250 2010 368 2074 hensus
389 2008 501 2090 fuerit3
531 2005 617 2092 quod
638 2006 679 2071 de
701 2006 845 2094 quolibet
866 2030 1021 2090 seorsum,
1049 2008 1172 2073 scilicet
1193 2007 1233 2074 de
1253 2019 1360 2074 aetate
1385 2018 1418 2073 et
1446 2007 1666 2099 legittimitate,

247 2116 322 2184 ante
344 2106 572 2184 admissionem
593 2104 636 2169 ad
665 2128 803 2170 examen
823 2106 875 2171 vel
900 2115 1098 2193 temptamen
1126 2129 1185 2194 per
1207 2107 1366 2173 decanum
1392 2109 1577 2194 inquiratur
1603 2104 1665 2170 dili·

208 2216 238 2272 15
248 2215 385 2293 genten
413 2202 503 2285 Quos
525 2204 628 2271 eciam
649 2214 681 2270 et
695 2203 877 2294 ¹quemlibet
904 2208 938 2281 in
961 2207 1084 2295 aliquo,
1107 2217 1143 2294 ut
1166 2209 1394 2294 praemittitur,
1425 2228 1564 2273 excessu
1583 2214 1667 2270 nota·

246 2305 305 2372 bili
326 2307 453 2370 notorio
473 2302 666 2391 culpabilem
687 2304 823 2391 quilibet
843 2306 1073 2392 magistrorum
1097 2308 1203 2371 sciens
1223 2307 1438 2393 denunceiare
1452 2317 1495 2375 vet
1516 2304 1666 2394 impedire

247 2415 354 2493 potest
375 2414 407 2470 et
428 2398 569 2488 tenetur3
597 2424 658 2468 nec
679 2405 781 2468 eciam
802 2402 878 2469 talis
898 2406 932 2469 in
961 2414 1125 2491 posterum
1147 2405 1345 2490 admittatur,
1370 2407 1434 2471 nisi
1456 2405 1541 2472 adeo
1561 2403 1664 2470 lauda

248 2503 356 2569 biliter
374 2517 411 2568 'et
431 2505 575 2568 virtuose
596 2524 631 2567 se
657 2504 789 2587 rexerit,
817 2505 901 2590 quod
930 2527 972 2569 ex
999 2513 1165 2569 transacta
1183 2507 1330 2573 virtuosa
1356 2506 1425 2571 eius
1445 2501 1516 2570 vita
1537 2503 1578 2570 de
1599 2503 1664 2571 sub

248 2597 393 2691 sequenti
412 2604 482 2667 eius
502 2605 747 2668 conversatione
767 2601 923 2683 laudabili
944 2612 1181 2690 praesumatur.
1202 2601 1246 2669 Et
1260 2603 1363 2669 talem
1379 2626 1551 2673 excessum
1572 2601 1664 2671 facul·

204 2712 298 2769 wtas
320 2703 443 2767 arcium
469 2710 600 2787 reputat
620 2700 794 2766 notabilem
815 2712 846 2767 et
867 2704 1038 2786 notorium,
1068 2703 1107 2767 de
1130 2725 1193 2788 quo
1215 2726 1274 2790 per
1295 2714 1455 2769 rectorem
1476 2708 1510 2768 et
1531 2723 1663 2769 assesso

246 2826 298 2867 res
327 2803 396 2866 eius
424 2803 644 2865 incarceratus
677 2803 789 2883 suerit,
817 2801 869 2866 vel
897 2800 926 2866 si
954 2800 1102 2888 publicus
1132 2804 1371 2885 meretricarius
1400 2803 1515 2885 suerit,
1551 2800 1664 2866 scilicet

247 2900 332 2987 quod
360 2902 393 2965 in
423 2899 517 2985 domo
539 2898 748 2965 habitationis
772 2922 850 2965 suae
877 2896 1044 2965 mulierem
1073 2888 1256 2987 suspectam
1287 2894 1417 2990 publice
1438 2902 1596 2983 tenuerit,
1620 2897 1663 2962 vel

247 3000 289 3066 ad
312 2998 480 3067 comodum
502 2998 620 3063 bursae
641 3023 718 3065 suae
739 2999 836 3065 talem
857 2998 1089 3082 introduxerit,
1115 3000 1165 3065 vel
1194 3000 1260 3066 alia
1280 3001 1374 3066 domo
1397 3022 1455 3067 seu
1477 2997 1664 3066 domuncula

246 3099 298 3165 vel
319 3098 454 3165 comodo
474 3099 636 3163 meretrici
657 3087 808 3185 publicae
833 3097 884 3163 vel
912 3098 1135 3164 meretricibus
1163 3099 1304 3188 publicis
1329 3110 1544 3166 conversatus
1567 3100 1662 3177 fixerit

201 3209 238 3266 '25
248 3200 299 3264 vel
329 3200 363 3263 in
381 3195 614 3263 ¹collacionibus
638 3207 695 3263 aut
715 3189 873 3285 prandiis,
903 3194 959 3262 ubi
985 3197 1083 3262 talem
1106 3197 1158 3262 vel
1187 3197 1268 3263 tales
1291 3221 1361 3264 esse
1390 3198 1540 3282 sciverit,
1566 3199 1663 3278 fuerit,

247 3297 300 3364 vel
321 3297 428 3363 locum
452 3288 648 3384 suspectum,
671 3295 822 3361 videlicet
840 3295 1066 3384 prostibulum,
1087 3297 1283 3381 visitaverit,
1310 3308 1342 3362 et
1363 3297 1403 3363 de
1423 3299 1486 3363 hoc
1507 3301 1663 3365 convictis

250 3396 302 3463 vel
324 3399 489 3462 confessus
510 3396 562 3461 vel
584 3419 642 3483 per
665 3405 891 3461 conventorem
918 3405 1052 3488 propter
1073 3394 1159 3461 hunc
1186 3405 1219 3460 et
1246 3392 1421 3483 quemlibet
1440 3396 1541 3462 alium
1563 3418 1663 3462 excas·

248 3517 319 3562 sum
342 3495 382 3560 de
403 3496 503 3560 bursa
525 3518 583 3560 sua
604 3495 759 3581 expulsus
788 3496 900 3579 suerit,
930 3494 982 3560 vel
1010 3497 1043 3569 in
1071 3495 1250 3582 prostibulo
1279 3495 1331 3560 vel
1357 3506 1451 3561 extra
1478 3496 1610 3585 publice
1635 3517 1663 3560 se

246 3598 452 3684 percusserit,
482 3595 534 3660 vel
561 3594 608 3658 ibi
628 3594 801 3660 wlnerat'us
822 3615 864 3660 ex
894 3595 990 3682 eulpa
1016 3618 1076 3659 sua
1097 3595 1201 3660 ‘merit
1221 3605 1339 3683 captus⁴
1357 3594 1410 3660 vel
1438 3595 1661 3684 deprehensus,

205 3695 301 3762 lovel
321 3698 376 3781 qui
396 3693 440 3760 ad
460 3693 591 3760 taxilles
604 3696 637 3757 in
651 3693 795 3759 tabernis
816 3694 945 3782 publice
967 3693 1089 3786 luserit,
1111 3693 1162 3758 vel
1182 3694 1391 3759 hastiludium
1407 3698 1441 3760 in
1457 3696 1528 3761 foro
1544 3693 1661 3783 publiea

246 3796 442 3878 exercuerit,
471 3793 523 3859 vel
551 3795 606 3881 qui
636 3792 745 3858 verbis
774 3795 940 3859 iniuriosis
966 3793 1104 3881 aliquem
1126 3795 1356 3879 magistrorum
1385 3794 1516 3881 publice
1544 3795 1661 3859 laeserit

246 3894 298 3959 vel
318 3896 424 3981 ipsum
446 3895 600 3958 iniuriose
620 3895 824 3980 percusserit,
846 3892 897 3956 vel
919 3894 1039 3957 furtum
1060 3892 1112 3958 vel
1143 3891 1223 3957 alios
1245 3916 1408 3975 excessus,
1438 3917 1521 3982 quos
1544 3896 1659 3959 eomita-

247 4003 301 4057 tur
328 3994 462 4057 infamia
488 3992 540 4057 vel
567 3992 775 4074 scandalum,
804 3993 999 4061 commiserit
1027 3993 1078 4056 vel
1108 3990 1353 4080 perpetraverit
1393 3991 1542 4072 Quorum
1567 3991 1660 4058 nullm

247 4093 360 4174 eciam,
390 4094 417 4156 si
439 4091 480 4156 de
501 4091 610 4178 aliquo
632 4090 871 4177 praedictorum
892 4113 1083 4156 excessuum
1104 4102 1275 4179 suspectus
1296 4090 1348 4155 vel
1369 4093 1548 4157 infamatus
1567 4092 1658 4170 fuerit,

206 4192 313 4256 tenisi
334 4214 368 4255 se
389 4190 505 4255 detali
523 4214 581 4277 per
603 4213 695 4256 suum
715 4192 930 4254 iuramentum
953 4193 1203 4277 expurgaverit,
1233 4192 1275 4256 ad
1298 4213 1436 4256 examen
1458 4191 1510 4256 vel
1532 4201 1657 4278 tempta-

246 4306 330 4373 men,
353 4292 400 4354 uti
421 4291 635 4377 praemissum
659 4302 723 4373 est,
747 4288 969 4375 aliquomodo
991 4291 1188 4358 admittatur.
1602 4293 1605 4296 ’

681 4480 727 4539 15.
748 4492 795 4538 os
817 4491 946 4539 nnsrru
969 4491 1243 4540 surrosrroauu.

865 4610 926 4674 vn.
945 4610 991 4667 vr,
1016 4610 1051 4660 ia.

325 4726 407 4792 Item
429 4724 534 4791 nullus
556 4723 757 4791 baccalarius
780 4733 836 4788 aut
857 4723 996 4811 simplex
1026 4723 1158 4789 studens
1185 4727 1220 4789 in
1247 4724 1373 4791 artibus
1402 4712 1511 4814 portet
1536 4725 1652 4816 pallium

202 4835 286 4891 40ex
309 4835 446 4910 utroque
469 4822 553 4912 [1qu
582 4825 684 4890 latere
711 4822 763 4887 vel
790 4818 862 4888 uno
881 4835 1029 4910 apertum
1058 4846 1131 4888 cum
1158 4823 1270 4910 iopula
1294 4823 1347 4889 rel
1374 4827 1558 4911 tunicella,¹
1585 4846 1653 4914 quas

319 5062 345 5196 q
359 5055 498 5113 nieman
517 5058 552 5112 aa
570 5074 624 5112 von
648 5059 772 5127 spaera
791 5054 880 5144 aar·
892 5072 936 5112 aa
955 5055 1053 5111 aare
1069 5011 1270 5126 samosaten
1296 5055 1341 5112 vu
1357 5056 1433 5113 aaa
1447 5066 1531 5115 mes
1546 5059 1650 5113 rarae

245 5148 282 5196 tea
301 5159 317 5196 v
362 5144 488 5201 mairam.
1217 5178 1220 5191 .
