3756 6158
243 415 304 478 216
808 415 863 464 Das
883 427 980 478 mosae
996 413 1102 478 colleg.

244 593 473 659 cerevisiarius
488 591 541 657 vel
560 599 686 679 partem
708 604 838 682 quotam
853 594 905 659 vel
927 617 1083 660 summam
1099 595 1296 678 universam,
1320 595 1497 662 secundum
1520 619 1570 680 ea,
1590 617 1672 682 quae

246 694 287 760 de
308 694 376 759 eius
399 690 626 757 distributione
648 691 745 778 paulo
767 703 843 758 ante
863 692 997 760 definita
1019 704 1100 759 sunt

675 863 700 924 7.
725 876 772 923 na
795 875 980 926 ouanroaa
1002 876 1039 924 m
1059 875 1245 926 conanum.

332 991 414 1058 eum
443 991 477 1054 in
505 991 563 1073 iis,
592 1012 676 1076 quae
701 1013 805 1056 novus
833 990 958 1078 collega
988 990 1163 1056 secundum
1191 993 1402 1059 institutionis
1433 994 1671 1082 praescriptum

203 1106 219 1159 5
248 1095 373 1159 iuratus
401 1090 591 1177 promittere
619 1087 758 1172 iubetur,
787 1091 849 1156 boo
868 1092 958 1156 insit:
995 1112 1029 1155 se
1055 1088 1127 1183 loco
1150 1112 1208 1156 suo
1231 1092 1410 1180 praepositi
1429 1114 1565 1159 munere
1585 1093 1673 1180 fungi

248 1195 317 1258 sine
349 1190 551 1256 recusatione
582 1187 664 1252 velle
695 1198 726 1253 et
755 1189 861 1272 illud,¹
883 1191 965 1254 sicut
996 1188 1127 1267 debeat,
1159 1188 1212 1253 vel
1245 1191 1317 1277 ipse
1347 1199 1463 1276 gerere
1490 1191 1545 1257 vel
1575 1193 1611 1257 in
1638 1213 1675 1257 eo

244 1289 388 1379 gerendo
411 1309 545 1375 operam
566 1286 710 1370 alicuius,
741 1291 796 1375 qui
825 1311 907 1353 unus
935 1287 977 1352 sit
1003 1286 1044 1352 de
1065 1309 1201 1373 corpore
1222 1288 1350 1376 collegii
1372 1288 1478 1373 huius,
1501 1288 1674 1357 adhibere:

249 1387 464 1456 consideratio
488 1395 638 1473 suscepta
657 1386 719 1452 fuit
740 1396 771 1450 et
792 1386 993 1474 disputatum
1014 1384 1055 1453 de
1075 1389 1235 1453 sententia
1254 1386 1431 1454 verborum
1452 1389 1602 1457 istorum.
1632 1388 1675 1454 llt

245 1487 454 1575 interpretari
476 1484 569 1550 aliter
591 1507 631 1550 ea
652 1507 746 1552 nemo
772 1487 877 1574 potuit
898 1508 995 1572 quam
1017 1486 1140 1573 imponi
1163 1487 1210 1554 ita
1233 1508 1344 1552 curam
1366 1496 1617 1576 respectumque
1636 1487 1677 1553 ad

207 1601 238 1657 1⁰
247 1586 375 1673 collegii
396 1606 508 1650 omnes
530 1585 672 1650 rationes
693 1595 790 1670 atque
810 1607 863 1650 res
890 1593 922 1650 et
950 1587 1083 1672 negotia
1108 1586 1271 1668 universa,
1299 1587 1333 1650 in
1359 1586 1478 1675 quibus
1503 1608 1570 1653 non
1595 1596 1677 1654 esset

247 1697 412 1776 postrema
443 1682 617 1771 disciplina
650 1683 781 1771 publica
809 1694 841 1749 et
868 1683 1098 1773 inquilinorum
1124 1686 1204 1768 vita,
1232 1708 1349 1770 mores,
1379 1683 1497 1770 studia,
1525 1684 1677 1772 adquae

247 1787 356 1852 omnia
377 1782 668 1850 animadvertenda
688 1793 721 1848 et
740 1781 954 1868 gubernanda
975 1806 1058 1871 opus
1079 1793 1238 1872 perpetua
1258 1784 1401 1873 quadam
1420 1780 1610 1874 praesentia
1623 1783 1678 1851 diu

248 1909 289 1952 ac
313 1894 412 1950 noctu
433 1881 608 1949 videretur.
650 1881 719 1947 Iam
740 1904 782 1946 ne
803 1883 957 1969 coniuges
982 1894 1092 1948 esseut
1115 1881 1269 1970 collegae,
1294 1882 1382 1950 nullo
1408 1882 1505 1950 modo
1533 1885 1678 1969 sancien-

248 1985 325 2050 dum
345 1984 407 2048 fuit
428 1982 480 2048 his
500 1982 712 2069 temporibus,
735 1992 766 2047 et
781 1981 877 2048 domo
899 2003 959 2046 sua
980 1979 1118 2070 aliquem
1131 1983 1325 2048 necessitate
1347 1983 1575 2069 promissionis
1594 1982 1679 2048 iura·

208 2095 239 2151 15
249 2094 303 2148 tae
325 2079 594 2169 abstra[15]herc,
615 2090 713 2147 noctu
734 2081 937 2168 praesertim,
957 2079 1169 2147 inhumanum
1190 2082 1241 2148 sit.

331 2180 385 2245 Ad
407 2179 470 2245 hoc
496 2180 597 2266 igitur
625 2178 797 2245 deventum
826 2187 891 2263 est,
920 2189 956 2245 ut
984 2181 1098 2245 initium
1127 2179 1215 2246 istud
1243 2178 1452 2247 consilium:
1457 2201 1531 2245 cnm
1560 2177 1679 2268 aliquis

249 2305 292 2347 ex
314 2278 446 2366 collegis
475 2286 665 2365 (propterea
692 2278 779 2366 quod
805 2229 988 2393 plerique
979 2302 1046 2346 ram
1074 2281 1226 2367 coniuges
1254 2281 1322 2345 sint
1342 2289 1374 2344 et
1394 2277 1547 2345 accidere
1566 2279 1678 2367 possit,

249 2390 285 2445 ut
306 2378 400 2443 brevi
426 2377 507 2442 fiant
526 2378 687 2454 universi)
718 2399 846 2465 semper
872 2379 906 2442 in
933 2378 1067 2444 aedibus
1095 2377 1223 2466 collegii
1248 2380 1352 2445 nostri
1379 2398 1549 2469 praesens
1565 2377 1680 2443 adesse

247 2487 395 2566 nequeat,
416 2485 451 2541 ut
473 2474 634 2561 deligatur
655 2477 818 2564 quispiam
840 2486 934 2541 extra
958 2476 1154 2565 collegarum
1173 2500 1353 2561 numerum,
1374 2478 1426 2542 vir
1446 2476 1533 2565 pius,
1556 2475 1678 2563 gravis,

209 2577 377 2659 wdoctus,
398 2576 454 2662 qui
473 2574 680 2640 iureiurando
703 2574 825 2660 obliget
844 2574 941 2641 fidem
964 2597 1055 2642 suam
1078 2576 1213 2664 collegio
1236 2577 1279 2641 ad
1300 2575 1537 2664 exequendum,
1566 2596 1678 2641 curan-

248 2676 335 2758 dum,
366 2671 598 2761 praestandum
624 2695 685 2760 pro
709 2695 768 2738 sua
786 2672 875 2739 virili
896 2696 945 2757 ea,
975 2696 1058 2761 quae
1079 2674 1243 2762 capitibus
1264 2674 1296 2740 V
1316 2674 1470 2740 distincte
1491 2678 1679 2740 enumerata

249 2783 441 2860 sequuntur:

330 2873 490 2954 Primum,
522 2893 556 2935 se
589 2871 787 2957 assignatam
818 2870 1051 2938 habitationem
1082 2872 1117 2936 in
1149 2870 1285 2937 aedibus
1318 2869 1523 2937 scholasticis
1553 2870 1681 2960 collegii

249 2972 408 3060 principis
429 2969 607 3036 maioribus
630 2991 792 3056 occupare
815 2980 846 3035 et
867 2980 1073 3058 praesentem
1100 2969 1251 3053 incolere,
1279 2992 1384 3059 neque
1411 2971 1482 3035 sine
1501 2972 1681 3059 praepositi

207 3071 458 3138 2500ncessione
486 3068 527 3134 ab
555 3067 693 3134 aedibus
715 3067 846 3156 collegii
873 3069 939 3136 ullo
967 3079 1115 3156 tempore
1136 3068 1252 3135 abesse
1273 3068 1375 3152 velle3
1403 3076 1436 3133 et
1460 3070 1509 3134 ita
1536 3068 1682 3137 adsidui·

240 3179 316 3236 tate
343 3169 549 3256 praescntiae
580 3190 658 3233 suae
687 3167 840 3234 daturum
868 3190 1001 3255 operam
1031 3178 1064 3233 et
1094 3167 1202 3257 quoad
1232 3169 1336 3256 possit
1367 3168 1628 3254 praestiturum,
1647 3178 1682 3235 at

250 3277 372 3334 statuta
399 3267 527 3353 collegii
555 3277 590 3332 et
617 3266 794 3333 secundum
822 3266 904 3332 baec
930 3266 1099 3355 modisque
1128 3265 1277 3333 omnibus
1300 3266 1452 3331 honestas
1473 3266 1597 3354 ubique
1618 3278 1684 3334 aar!

250 3377 343 3433 vetur
365 3376 397 3431 et
417 3367 537 3432 vitetur
558 3366 726 3453 turpitudo
748 3389 851 3454 neque
874 3366 1093 3432 committatur
1119 3366 1301 3452 quicquam,
1329 3361 1416 3451 quod
1443 3362 1487 3429 ad
1513 3365 1681 3432 minutiam

250 3477 282 3532 et
302 3465 444 3531 dedecus
465 3467 568 3530 nostri
590 3465 713 3531 ordinis
740 3463 880 3530 evadere
907 3474 939 3530 et
965 3463 1128 3530 maetdam
1155 3464 1245 3530 bisce
1271 3462 1408 3528 aedibus
1435 3465 1543 3550 possit
1571 3487 1681 3553 asper

208 3579 243 3634 30
274 3588 339 3632 ere

250 3589 273 3654 g
331 3662 372 3729 Π.
396 3661 440 3726 Ut
453 3661 574 3727 damna
595 3660 637 3727 ab
653 3661 704 3727 his
726 3661 862 3728 aedibus
884 3671 1084 3744 avertantur,
1106 3683 1189 3749 quae
1210 3659 1368 3795 aedificiis
1381 3660 1435 3726 vel
1455 3659 1683 3728 labefaciendo

252 3763 305 3828 vel
326 3761 391 3828 alio
414 3762 528 3846 quovis
550 3770 646 3848 pacto
668 3760 742 3827 dari
761 3772 904 3849 possent

333 3860 391 3926 III.
412 3859 459 3924 Ut
480 3858 609 3924 aedium
632 3860 759 3946 collegii
778 3861 864 3927 fores
885 3882 945 3925 sua
965 3858 1047 3924 hora
1069 3880 1195 3947 quoque
1215 3869 1362 3946 tempore
1385 3860 1463 3924 anni
1484 3858 1678 3953 claudantur

254 3960 515 4048 aperiunturque

211 4074 244 4128 ³5
335 4058 409 4124 IIIL
432 4053 477 4143 [S.
496 4053 544 4142 16]
566 4057 613 4122 Ut
628 4059 844 4123 serotinarum
858 4057 1114 4144 disputationum
1128 4055 1378 4122 exercitationes
1392 4066 1593 4142 usurpentur
1604 4077 1683 4122 vera

251 4160 378 4226 ratione
401 4154 544 4221 studiose
564 4164 596 4220 et
616 4153 752 4242 placide.

334 4256 374 4321 V
395 4253 441 4320 Ut
460 4252 708 4319 habitationes
698 4278 733 4319 ιιι
753 4255 889 4321 aedibus
919 4231 1120 4321 scholasticis
1146 4251 1275 4339 collegii
1302 4252 1397 4319 huius
1424 4263 1458 4318 et
1486 4254 1550 4318 rite
1579 4251 1682 4318 locen-

252 4368 304 4423 tur
326 4366 358 4420 et
379 4355 551 4441 pensiones
573 4375 630 4416 seu
650 4353 816 4419 mercedes
839 4352 882 4418 ad
908 4353 993 4418 diem
1015 4354 1189 4440 exigantur
1211 4363 1243 4416 et
1267 4353 1407 4441 pecunia
1428 4350 1567 4418 collecta
1591 4374 1682 4440 prae

254 4456 361 4544 posito
389 4453 518 4538 integra
545 4451 682 4537 singulis
708 4451 916 4518 semestribus
943 4473 1040 4517 numo
1070 4450 1174 4538 probo
1196 4460 1431 4516 annumeretur.

212 4567 245 4621 to
338 4552 431 4617 Haeo
453 4573 547 4637 quem
567 4561 737 4638 praestare
757 4574 855 4639 posse
877 4548 1038 4634 credetur,
1065 4552 1093 4615 is
1113 4551 1168 4633 ita,
1190 4559 1225 4614 ut
1251 4548 1459 4632 dictumest,
1489 4572 1525 4616 se
1546 4551 1680 4638 praesti·

254 4663 364 4719 tunam
385 4673 457 4717 csse
478 4652 604 4716 iuratus
625 4653 802 4737 promittet.

343 4751 455 4837 Neque
482 4750 562 4814 iuris
584 4759 693 4814 tamen
714 4750 748 4813 in
767 4771 820 4814 res
841 4750 1047 4835 rationesque
1069 4746 1197 4835 collegii
1224 4757 1394 4836 praeterea
1415 4748 1592 4837 quicquam
1610 4746 1682 4815 huic

257 4852 329 4933 erit,
353 4871 459 4937 neque
485 4857 630 4935 potestas
657 4845 851 4914 concedetur
877 4871 935 4915 suo
962 4847 1098 4914 arbitrio
1125 4845 1249 4935 aliquid
1278 4846 1451 4930 statuendi,
1479 4845 1680 4928 decmnendi,

259 4946 442 5015 ordinandi.
485 4946 582 5028 Quod
611 4949 640 5011 si
668 4947 750 5013 forte
778 4947 1071 5030 animadversione,
1100 4968 1292 5034 quocunque
1320 4945 1391 5011 loco
1416 4956 1474 5011 aut
1494 4965 1679 5034 quacunque

217 5047 300 5114 cde
322 5067 447 5127 caussa,
474 5047 508 5110 in
535 5044 661 5133 aliquos
684 5068 765 5133 opus
786 5047 855 5110 sive
883 5045 1058 5132 singrdaris
1079 5044 1271 5111 deliberatio
1301 5042 1561 5111 consideratiore
1585 5043 1678 5110 susci·
