3756 6158
263 447 324 511 480
756 444 806 493 Die
830 445 1048 508 philosophische
1067 445 1194 496 reculas.

228 605 231 610 ’
265 624 446 705 lectionem,
468 645 565 708 quam
585 623 772 689 immediate
795 634 869 710 post
890 626 1130 711 promocionem
1151 649 1261 690 eorum
1283 624 1435 711 legerint,
1457 648 1524 691 non
1545 623 1688 689 efficiun-

270 735 322 788 tur
343 731 584 808 acturcgentes3
608 746 668 810 pro
690 724 904 811 completione
924 734 1033 789 tamen
1055 726 1159 812 partis
1181 724 1303 789 biennii
1325 728 1372 790 eis
1394 723 1649 812 computabitur.

304 928 352 988 24.
374 939 421 986 DE
443 939 717 988 msrnnsnclorrs
740 940 991 989 MAGISTRORUM
1015 941 1125 989 SUPER
1145 941 1218 990 NON
1240 941 1487 991 COMPLEOIONE
1506 942 1650 989 BIENMI·

345 1053 491 1134 Quilibet
521 1057 767 1140 magistrorum,
810 1067 924 1143 petens
956 1056 1237 1142 dispensacionem
1266 1079 1363 1143 super
1382 1079 1448 1121 non
1471 1056 1686 1144 completione

219 1164 234 1217 5
265 1153 402 1236 biennii,
424 1155 452 1217 si
473 1153 593 1217 nullum
616 1177 733 1218 annum
757 1155 939 1241 complevit,
962 1154 1053 1220 dabit
1074 1178 1173 1220 unum
1195 1155 1369 1239 florenum3
1411 1157 1539 1220 sivero
1563 1165 1686 1219 tantum

259 1276 358 1316 unum
381 1252 555 1338 complevit
577 1276 713 1336 annum,
738 1254 907 1319 dimidium
930 1254 1032 1320 solvet
1053 1254 1228 1338 florenum,
1269 1257 1297 1319 si
1318 1278 1396 1321 vero
1420 1257 1505 1320 citra
1523 1265 1583 1320 aut
1602 1256 1685 1319 infra

260 1374 380 1416 annum
402 1352 576 1452 complevit
597 1362 652 1417 aut
675 1358 804 1419 omnino
827 1375 952 1441 pauper
971 1353 1078 1436 fuerit,
1106 1364 1182 1418 tunc
1198 1356 1347 1440 magistri
1365 1355 1407 1420 de
1429 1342 1566 1420 consilio
1586 1352 1684 1418 facul·

258 1452 343 1534 tatis,
365 1453 511 1538 pensatis
532 1453 787 1518 circumstanciis
810 1475 927 1517 causae
948 1463 980 1517 et
994 1474 1217 1540 personarum,
1245 1455 1392 1540 recipere
1421 1454 1554 1541 possint
1575 1474 1683 1517 secun·

260 1550 336 1614 dum
359 1551 445 1638 quod
467 1552 513 1616 eis
535 1550 699 1616 videbitur
720 1551 886 1638 expedire.

217 1844 248 1899 lo
487 1831 559 1896 XV.
581 1827 641 1918 [Bl
659 1828 732 1920 27¹³]
756 1849 1005 1899 CAPITULUM
1026 1850 1221 1899 nucinum
1241 1850 1452 1911 omarum.

256 1999 501 2085 Subscripta
531 2006 691 2063 statuta
719 1997 805 2084 legi
831 1997 981 2064 debent
1011 1998 1353 2065 baccalariandis
1377 2009 1570 2087 tempore
1598 1997 1677 2063 dis·

326 2098 586 2186 pensationis
607 2107 645 2162 et
665 2106 849 2184 tempore
869 2099 1074 2163 introitus
1097 2121 1167 2163 seu
1188 2101 1501 2186 conspectionis
1523 2121 1613 2187 per·

384 2219 590 2279 sonarum,
617 2217 720 2284 quae
741 2196 957 2280 iurabunt,
979 2198 1062 2262 nisi
1083 2219 1169 2261 oum
1193 2200 1250 2263 eis
1271 2196 1575 2286 dispensetur.¹

420 2448 423 2452 ,
527 2385 554 2444 t.
574 2397 669 2444 cmm
687 2397 858 2445 sumnum
878 2398 947 2446 rao
970 2397 1088 2447 uranu
1109 2398 1401 2448 precursurus.
1493 2354 1496 2359 ¹

215 2509 244 2563 15
864 2516 924 2579 vgl.
948 2516 1023 2577 xm,
1043 2517 1068 2569 2.

335 2644 429 2710 Libri
451 2645 495 2710 ad
515 2643 638 2731 gradus
658 2644 898 2711 baccalariatus
927 2657 1001 2711 sunt
1027 2649 1097 2712 isti:
1132 2646 1248 2712 Petrus
1270 2646 1457 2734 Hispanus,
1489 2647 1668 2714 Priscianus

254 2748 368 2828 minor,
390 2754 482 2809 vetus
503 2767 574 2826 ars,
596 2745 756 2830 priorum,
778 2747 1011 2831 posteriorum,
1032 2744 1233 2829 clemoium,
1254 2745 1470 2834 phisicornm,
1493 2746 1537 2813 de
1560 2749 1665 2829 anima

255 2868 352 2932 spera
374 2843 559 2909 materialis.
601 2842 647 2907 Et
667 2845 722 2908 isti
743 2843 895 2929 leguntur
916 2868 974 2932 per
996 2848 1180 2932 magistros.

333 2944 483 3030 Donatus
504 2944 618 3026 minor,
652 2942 793 3008 secunda
816 2966 894 3030 pars
913 2943 1108 3009 Allexandri
1136 2945 1189 3010 vel
1220 2945 1382 3029 Florista,
1415 2945 1611 3033 algorismus
1639 2955 1663 3010 et

210 3051 433 3131 2000mputus,
456 3054 488 3108 et
510 3042 626 3131 aliquis
647 3040 732 3107 liber
752 3042 788 3107 in
808 3043 979 3112 rethorica.
1020 3043 1065 3109 Et
1086 3044 1236 3131 logrmtur
1257 3068 1316 3132 per
1336 3044 1544 3112 baccalarios
1564 3047 1597 3110 in
1620 3067 1661 3109 ca·

249 3143 457 3209 nicularibus.

425 3315 455 3375 2.
483 3327 530 3374 DE
551 3325 745 3375 EXERCICHS
767 3325 835 3373 PRO
859 3325 977 3392 GRADU
997 3325 1278 3377 Baccnnnlelnrus
1299 3326 1502 3377 aunmrms.

869 3445 930 3508 vgr.
948 3445 1020 3509 XIII,
1039 3445 1063 3496 3.

334 3559 449 3627 Nullus
471 3557 566 3623 debet
587 3556 715 3623 admitti
737 3557 779 3623 ad
801 3580 939 3623 examen
965 3558 1205 3624 baccalariatus
1231 3561 1265 3624 in
1295 3560 1437 3644 artibus,
1480 3562 1545 3626 nisi
1579 3561 1654 3647 prius

207 3665 375 3727 25steterit
395 3662 429 3724 in
451 3659 620 3723 exerciciis
641 3659 676 3722 in
704 3657 789 3722 hunc
816 3657 960 3723 modum:
983 3657 1081 3734 semel
1106 3659 1141 3722 in
1162 3661 1274 3744 parvis
1295 3658 1478 3747 loyoalibus
1505 3659 1653 3737 adminns;

249 3760 346 3826 semel
368 3761 402 3825 in
423 3758 612 3844 zophistria,
634 3756 706 3821 loeo
729 3760 819 3821 cuius
842 3758 961 3843 poterit
982 3757 1096 3822 audire
1123 3780 1227 3844 parva
1249 3757 1406 3846 loycalia3
1429 3758 1482 3824 his
1504 3762 1538 3824 in
1559 3768 1651 3822 vetere

248 3871 327 3942 arte,
347 3858 445 3925 semel
466 3881 539 3922 cum
562 3856 684 3920 decano
708 3866 740 3919 et
764 3855 862 3920 semel
885 3879 956 3920 oum
978 3855 1042 3921 alio
1063 3858 1236 3942 magistro,
1269 3858 1367 3922 semel
1392 3860 1427 3923 in
1448 3881 1534 3924 nova
1554 3858 1650 3942 loyca;

248 3958 345 4024 semel
365 3961 399 4023 in
422 3957 620 4045 phisicorum
643 3967 675 4020 et
694 3955 791 4019 semel
820 3957 854 4019 in
883 3955 923 4020 de
951 3957 1069 4019 anima.
1108 3954 1153 4019 Et
1184 3979 1243 4042 pro
1275 3966 1423 4044 tempore
1454 3981 1520 4023 non
1550 3956 1653 4022 habeat

248 4059 342 4144 plura
363 4059 524 4122 exercicia
548 4079 646 4143 quam
668 4055 741 4137 duo,
765 4066 902 4141 excepta
921 4054 1112 4140 zophistria,
1134 4054 1205 4119 loco
1229 4057 1319 4120 cuius
1330 4058 1529 4122 exercicium
1553 4075 1651 4143 parvo·

204 4168 318 4223 30rum
339 4156 514 4244 loycalium
536 4178 595 4242 pro
617 4157 717 4220 tercio
739 4155 902 4219 exercicio
924 4153 1037 4219 audire
1059 4155 1130 4239 quis
1151 4155 1282 4240 poterit.

278 4365 307 4425 3.
328 4375 376 4421 DE
399 4373 566 4434 QUATUOR
587 4370 888 4419 RESUMPTIONIBUS
908 4370 1066 4418 PUBLICIS
1086 4367 1302 4419 FACULTATIS
1323 4371 1514 4420 sunmrrms
1534 4371 1617 4419 ANTE

591 4471 847 4519 ΡΒΟΜΟΤΙΟΝΕΜ
869 4470 1005 4518 GRADUS
1028 4469 1319 4518 BACGALARIATUS.

866 4589 927 4652 ugr.
945 4589 1018 4651 xm,
1037 4590 1061 4641 o.

329 4705 444 4770 Nullus
466 4704 562 4770 debet
585 4704 712 4769 admitti
731 4703 773 4768 ad
795 4726 932 4768 examen
959 4702 1198 4767 baccalariatus
1226 4703 1260 4765 in
1294 4699 1442 4785 artibus,
1484 4703 1548 4766 nisi
1575 4701 1651 4787 prius

203 4816 236 4871 35
246 4807 408 4871 audiverit
428 4815 567 4892 quatuor
586 4805 822 4890 resumptiones
844 4825 863 4866 a
887 4800 1039 4866 facultate
1059 4803 1221 4866 institutas
1250 4809 1282 4864 et
1303 4822 1364 4886 pro
1386 4801 1435 4865 eis
1456 4800 1650 4866 effectualiter

244 4905 390 4969 facultati
412 4905 614 4986 satisfecerit,
636 4902 789 4967 videlicet
808 4925 906 4966 unam
928 4903 960 4965 in
983 4901 1213 4987 grammatica,
1245 4898 1383 4963 alteram
1402 4900 1438 4964 in
1458 4898 1569 4987 loyca,
1595 4908 1648 4961 ter

246 5007 329 5069 ciam
349 5006 383 5067 in
403 5004 575 5085 rethorica,
596 5012 745 5087 quartam
767 5004 801 5065 in
821 5000 1027 5087 philosophia
1045 4999 1193 5067 naturali.
1236 4997 1281 5063 Et
1307 5008 1343 5063 ut
1369 4998 1411 5064 de
1433 4999 1496 5066 hoc
1517 5006 1647 5066 constare

244 5105 356 5193 possit,
379 5102 475 5168 debet
497 5102 631 5168 audiens
654 5125 673 5165 a
694 5101 949 5188 resumptoribus
970 5101 1052 5186 ipsis
1072 5099 1325 5185 recognitionem
1350 5097 1529 5166 auditionis
1555 5097 1646 5163 huius·
