3756 6158
687 468 737 520 Die
756 469 875 521 Statnten
894 483 946 520 von
968 470 1139 524 reos-1⁵20.
1566 469 1629 534 603

209 651 406 717 autenticam
426 670 529 732 suam,
552 650 586 715 in
608 672 671 737 qua
691 651 806 717 modus
825 673 903 716 suae
919 653 1343 740 promocioniscontinetur3
1366 651 1483 718 deinde
1499 650 1629 738 publice

208 753 243 816 in
265 749 362 815 scolis
383 749 598 815 determinare
620 750 717 817 debet
738 753 960 839 quaestionem
980 751 1205 817 medicinalem
1226 750 1266 816 de
1288 753 1401 820 fauore
1423 763 1455 816 et
1471 774 1629 818 consensu

209 852 314 916 tocius
334 848 499 914 facultatis
519 849 674 933 medicae,
696 851 739 916 ad
761 874 858 939 quam
879 850 1089 939 respondebit
1111 849 1295 917 doctoribus
1325 860 1357 915 et
1383 850 1532 916 omnibus
1555 849 1628 916 aliis

210 948 389 1014 medicinae
411 947 592 1014 scolaribus
613 972 748 1037 arguere
770 950 967 1032 volentibus3
998 950 1094 1015 debet
1115 960 1285 1038 practerea
1307 951 1495 1038 promittere
1523 949 1626 1015 eidem

210 1047 332 1114 decano
354 1057 386 1113 et
406 1049 466 1112 toti
487 1047 643 1131 facultati,
664 1049 760 1137 quod,
784 1049 944 1138 completa
967 1073 1024 1115 sua
1045 1051 1266 1137 responsione,
1290 1048 1463 1114 inmediate
1484 1049 1562 1114 velit
1573 1071 1627 1137 pe
1656 1057 1672 1112 5

213 1159 280 1212 tere
302 1148 561 1235 assumpcionem
582 1148 626 1213 ad
646 1148 842 1214 facultatem.
863 1149 1011 1215 Habetur
1033 1151 1135 1216 eciam
1147 1149 1221 1215 talis
1233 1148 1365 1237 publica
1377 1151 1546 1236 responsio
1557 1149 1629 1214 loco

209 1268 378 1312 exammrs.

293 1393 352 1481 [Bl.
379 1393 447 1484 10¹³]
471 1396 605 1480 Doctor,
628 1408 793 1484 promotus
816 1400 848 1462 in
870 1399 935 1464 alia
957 1399 1178 1477 universitate,
1202 1395 1294 1462 dabit
1312 1397 1443 1464 famulis
1470 1399 1625 1464 universi-

208 1496 285 1559 tatis
317 1504 462 1580 tempore
493 1519 572 1562 suae
604 1499 840 1586 assumptionis
873 1498 916 1563 ad
945 1497 1133 1563 facultatem
1162 1496 1341 1563 medicinae
1374 1496 1455 1564 duos
1488 1498 1630 1564 florenos

207 1615 369 1659 renenses.
1642 1606 1673 1663 10

293 1762 406 1828 Nullus
429 1762 577 1828 decetero
599 1764 776 1849 recipiatur
799 1763 910 1829 doctor
932 1762 1011 1828 alibi
1031 1774 1196 1851 promotus
1218 1764 1260 1829 ad
1282 1764 1468 1830 facultatem
1485 1774 1630 1829 nostram

210 1861 401 1944 medicinae,
423 1863 488 1927 nisi
510 1884 567 1948 per
589 1863 761 1926 triennium
784 1863 817 1926 in
839 1862 904 1927 alia
925 1865 1135 1928 universitate
1155 1863 1281 1928 famosa
1303 1865 1427 1928 steterit
1457 1875 1490 1928 et
1510 1862 1631 1927 ibidem

209 1961 357 2026 doctores
378 1961 558 2028 medicinae
579 1960 750 2047 diligenter
771 1962 804 2025 in
826 1959 1017 2028 lectionibus
1041 1962 1189 2028 audierit.
1224 1962 1269 2027 Et
1289 1963 1350 2028 hoc
1372 1986 1428 2029 suo
1449 1965 1629 2029 iuramento

209 2058 423 2125 confirmabit

292 2229 414 2294 Doctor
446 2226 579 2292 alterius
605 2225 844 2308 universitatis,
887 2226 998 2293 volens
1037 2229 1139 2314 recipi
1164 2226 1207 2292 ad
1235 2227 1421 2292 facultatem
1449 2227 1671 2294 medicinaeu

209 2327 304 2393 huius
325 2327 560 2407 universitatis,
596 2327 624 2389 si
645 2334 694 2388 est
714 2323 945 2391 baccalaureus
967 2325 1126 2408 eiusdem,
1169 2323 1330 2390 tenebitur
1358 2325 1438 2391 dare
1459 2327 1629 2393 duodecim

209 2427 241 2491 fl.
264 2426 310 2491 rh.
334 2424 521 2491 doctoribus
542 2424 582 2489 de
603 2423 737 2489 consilio
760 2424 939 2507 facultatis3
978 2427 1004 2490 si
1033 2449 1097 2492 non
1122 2437 1170 2490 eet
1196 2424 1428 2491 baccalaureus
1449 2426 1629 2493 medicinae

209 2526 304 2591 huius
325 2525 434 2607 studii,
457 2524 548 2590 dabit
569 2524 682 2588 decem
706 2533 738 2588 et
759 2534 830 2588 octo
853 2524 882 2589 fi.
904 2547 1056 2591 renenses
1079 2524 1264 2591 doctoribus
1287 2525 1476 2591 facultatis.¹

291 2691 405 2756 Nullus
427 2690 541 2756 doctor
563 2688 641 2755 alibi
661 2702 829 2776 promotus
861 2692 893 2754 in
929 2690 1056 2757 actibus
1083 2691 1279 2759 solemnibus
1309 2702 1342 2757 et
1361 2691 1501 2780 publicis
1522 2692 1629 2760 locum

210 2790 330 2857 habeat
350 2792 434 2855 inter
453 2789 633 2855 medicinae
655 2788 803 2854 doctores
822 2788 916 2853 huius
939 2790 1047 2872 studii,
1069 2793 1133 2856 nisi
1155 2792 1197 2856 sit
1219 2802 1402 2881 assumptus
1424 2790 1467 2858 ad
1489 2792 1623 2858 facidta·
1637 2803 1671 2859 20

209 2901 274 2955 tem
295 2889 474 2956 medicinae
496 2886 671 2953 secundum
693 2897 815 2952 statuta
834 2888 977 2952 ciusdem
999 2889 1176 2971 facultatis,
1198 2912 1302 2978 neque
1314 2891 1506 2958 kathedram
1519 2892 1628 2958 docto·

209 2988 310 3054 ralem
331 2989 496 3071 ascendat,
517 2986 654 3073 legendo
678 2998 709 3049 et
731 2986 926 3073 disputando
949 2989 983 3053 in
1004 2988 1184 3072 medicinis,
1204 2991 1267 3055 nisi
1289 2990 1329 3055 de
1349 2992 1630 3058 consensudecani

209 3097 242 3153 et
264 3088 432 3155 doctorum
452 3090 556 3153 tocius
577 3085 749 3152 facultatis.

294 3253 408 3319 Nullus
428 3253 549 3336 doctor,
569 3250 647 3318 alibi
668 3263 835 3340 promotus
856 3254 890 3317 in
913 3253 1081 3320 medicinis
1103 3265 1134 3320 et
1153 3255 1206 3321 hic
1229 3266 1412 3343 assumptus
1432 3255 1475 3321 ad
1497 3257 1629 3324 faculta-

216 3362 291 3435 tem,
314 3355 418 3440 recipi
440 3352 557 3417 debeat
579 3352 621 3417 ad
643 3351 811 3417 consilium
833 3353 999 3419 facultatis
1021 3352 1173 3436 eiusdem,
1195 3356 1258 3419 nisi
1279 3357 1312 3420 in
1334 3356 1397 3421 hac
1417 3357 1670 3424 universitatefe

215 3451 380 3518 biennium
401 3461 477 3540 post
499 3453 549 3515 sui
570 3454 829 3537 assumpcionem
859 3452 1084 3539 compleverit,
1111 3453 1253 3540 aliquam
1279 3453 1450 3521 lectionem
1476 3456 1509 3521 in
1531 3456 1630 3523 medi·

219 3554 300 3617 cinis
322 3551 458 3638 legendo
480 3553 573 3616 iuxta
593 3562 714 3617 statuta
737 3552 876 3640 desuper
898 3552 993 3618 edita

293 3716 438 3798 Quilibet
458 3718 670 3784 assumendus
694 3718 737 3783 ad
756 3718 945 3785 facultatem
967 3719 1157 3801 medicinae,
1178 3719 1257 3785 alibi
1278 3731 1443 3807 promotus
1464 3732 1629 3810 tamquam

209 3816 324 3881 doctor
353 3815 549 3898 medicinae,
591 3828 666 3883 ante
693 3819 744 3882 sui
777 3821 1033 3906 assumpcionem
1055 3818 1096 3884 ad
1118 3818 1305 3884 facultatem
1327 3819 1488 3887 tenebitur
1508 3823 1628 3906 iurare,

208 3915 296 4003 quod
313 3915 391 3981 velit
412 3937 589 4002 procurare
609 3916 729 3983 bonum
755 3915 838 4005 [1¹⁸]
860 3918 1024 3985 facultatis
1045 3918 1224 3983 medicinae
1245 3918 1339 3984 buius
1369 3919 1466 3985 studii
1489 3921 1670 4009 Limen-30

209 4018 264 4097 sis,
287 4027 442 4102 quantum
462 4016 496 4079 in
516 4038 554 4080 eo
577 4025 634 4097 eat,
657 4017 700 4081 ad
721 4040 942 4104 quemcunque
966 4027 1085 4082 statum
1106 4017 1281 4101 devenerit,
1303 4030 1334 4084 et
1355 4019 1441 4107 quod
1462 4020 1541 4085 velit
1561 4044 1627 4086 ser·

209 4136 288 4178 vare
309 4124 431 4180 statuta
453 4124 485 4178 et
506 4115 686 4197 statuenda,
709 4139 792 4203 quae
814 4127 887 4182 sunt
911 4127 942 4181 et
964 4126 1058 4182 erunt
1089 4140 1148 4204 pro
1176 4116 1260 4184 bono
1291 4119 1455 4184 facultatis
1484 4119 1627 4185 ciusdem

208 4211 394 4301 approbata
416 4212 467 4278 vel
487 4214 712 4301 approbanda.

291 4380 373 4444 Item
395 4379 517 4446 iurabit
530 4380 616 4446 idem
636 4380 748 4446 doctor
769 4379 847 4447 alibi
870 4391 1044 4470 promotus,
1065 4381 1277 4449 assumendus
1297 4383 1339 4449 ad
1362 4395 1508 4450 nonnam
1528 4385 1627 4452 facul·

208 4489 309 4546 tatem
330 4478 519 4562 medicinae,
542 4480 753 4567 corporaliter
775 4480 916 4546 subhac
937 4482 1056 4546 forma:
1101 4481 1194 4567 „Ego
1218 4482 1264 4546 .N.
1287 4485 1357 4548 iuro
1385 4482 1479 4549 vobis
1501 4485 1669 4552 daemoes

209 4580 390 4665 vestrisque
410 4579 652 4645 successoribus
674 4579 897 4647 obedienciam
919 4592 950 4646 et
977 4582 1196 4646 reverenciam
1225 4583 1258 4646 in
1289 4582 1387 4648 licitis
1415 4595 1446 4648 et
1473 4584 1627 4669 honestis,

209 4688 241 4742 et
263 4701 394 4744 servare
415 4687 535 4744 statuta
557 4688 589 4743 et
610 4680 781 4746 statuenda
801 4703 862 4769 pro
882 4703 980 4769 posse
1001 4681 1101 4746 meo.“

294 4946 302 4996 1
328 4942 425 4996 Dieeer
442 4939 549 4996 Abanta
567 4942 604 4996 ist
620 4946 714 5014 spater
730 4943 940 5000 durchstrichen
957 4944 1013 4999 und
1030 4944 1162 5001 darnnter
1180 4943 1372 5017 gescbrieben:
1388 4945 1478 5002 Palea
1502 4959 1548 5015 ert,
1569 4965 1625 5002 aon

211 5027 318 5098 leffium
351 5027 407 5080 Am
424 5025 521 5080 Raude
539 5025 626 5080 steht:
644 5029 710 5082 Hoc
726 5029 861 5083 nullam
878 5037 923 5095 eat,
941 5029 1003 5084 leco
1020 5030 1078 5083 aas
1094 5030 1217 5085 Manen
1233 5030 1290 5101 erqo
1302 5029 1384 5099 solio
1400 5031 1522 5101 amenti
1545 5049 1624 5087 narro

204 5110 272 5184 (ng.
288 5112 343 5166 den
361 5109 563 5166 Zuaatzartikel
581 5111 634 5166 anf
649 5111 690 5168 Bl
713 5117 738 5169 11
750 5113 783 5184 b).
