3756 6158
259 452 320 517 336
711 470 714 475 ·
752 449 803 500 Die
821 450 1040 514 pbilosophischs
1057 453 1181 503 hortata

258 654 357 697 nuere
388 653 498 697 eorum
530 631 748 697 dimissionem
777 630 830 695 vel
860 630 1054 698 dilacionem
1083 633 1127 699 ad
1158 633 1330 697 torminum
1360 631 1559 719 longiorem
1591 629 1666 720 [612]

260 732 336 796 item
356 730 442 817 quod
462 731 560 796 velim
579 730 705 795 solvere
729 736 742 794 l
766 729 921 796 florenum
950 754 1010 818 pro
1032 732 1109 797 fisco
1130 732 1364 822 universitatis3
1392 733 1471 796 item
1499 729 1587 818 quod
1611 754 1667 796 non

260 829 356 894 velim
377 830 519 916 incipere
541 831 603 897 nisi
624 831 748 915 signeto
769 828 880 895 habito
902 852 922 894 a
942 828 1081 914 decan03
1107 831 1183 904 item
1204 830 1290 915 quod
1310 852 1376 897 non
1395 830 1493 896 velim
1515 853 1537 895 a
1557 852 1666 895 recom-

261 928 470 993 mendacione
491 930 733 1020 licenciatorum
758 946 817 992 me·
835 928 1015 1012 absentare,
1038 930 1101 994 nisi
1123 927 1349 994 rationabilem
1366 951 1501 995 cansam
1521 927 1666 1012 habuero,

221 1039 237 1093 5
265 1049 361 1115 quam
381 1027 529 1108 facultati
550 1049 730 1114 proponam
752 1036 784 1091 et
803 1028 948 1093 favorem
970 1028 1142 1094 absenciae
1164 1027 1327 1094 obtineam
1346 1027 1389 1094 ab
1409 1027 1557 1094 esdem.“
1640 1094 1645 1106 ,

446 1200 497 1260 tt.
526 1210 574 1257 nn
595 1175 798 1260 russunrro
820 1170 1055 1260 morsrmrn‘r
1077 1208 1240 1259 ramosa
1264 1210 1490 1262 monrcroms.

119 1342 165 1431 l?
850 1328 911 1392 Vgl.
928 1344 952 1379 a.
973 1328 1010 1382 St.
1030 1329 1069 1380 14.

340 1442 421 1507 Item
447 1441 569 1507 iurabit
594 1440 839 1527 magistrandus¹
860 1449 1006 1528 tempore
1032 1445 1230 1531 incepcionis
1257 1453 1289 1509 et
1313 1452 1470 1532 tempore,
1499 1465 1564 1532 quo
1588 1443 1666 1509 favo

257 1563 325 1606 rem
352 1540 529 1628 incipiendi
554 1542 590 1605 in
618 1540 743 1618 artibus
770 1563 791 1605 a
815 1540 971 1607 facultate
996 1542 1168 1609 obtinebit:
1209 1542 1303 1629 „Ego
1322 1543 1370 1609 N.
1396 1544 1479 1626 iuro,
1506 1541 1594 1632 quod
1618 1565 1667 1630 per

219 1651 251 1706 10
261 1641 341 1706 duos
363 1663 464 1706 annos
483 1642 518 1705 in
538 1642 602 1705 ista
628 1640 837 1705 universitate
865 1639 973 1726 legam
1000 1641 1242 1728 etdisputabo,
1262 1643 1326 1708 nisi
1346 1664 1473 1709 mecum
1497 1664 1596 1730 super
1615 1641 1666 1708 boc

258 1763 320 1828 per
349 1740 533 1806 facultatem
564 1740 659 1804 firsrit
689 1738 929 1826 dispensatum
959 1741 1035 1805 item
1063 1740 1149 1829 quod
1177 1751 1298 1806 statuta
1322 1751 1355 1807 st
1380 1741 1568 1826 statuenda,
1595 1763 1668 1830 quae

261 1848 337 1905 sunt
357 1861 416 1926 pro
438 1838 522 1905 bono
541 1839 761 1903 universitatis
784 1842 829 1903 'ac
855 1838 1018 1905 facultatis
1040 1841 1176 1924 mcium,
1200 1839 1298 1906 velim
1322 1839 1458 1906 firmiter
1485 1838 1667 1922 observare,

257 1940 335 2003 item
364 1937 450 2025 quod
476 1939 574 2003 istum
603 1935 744 2024 gradum
769 1938 802 2001 in
829 1937 918 2004 nulla
946 1937 1011 2004 alia
1039 1940 1249 2005 universitate
1274 1960 1454 2024 resumam
1484 1939 1566 2005 item
1591 1937 1668 2027 quod

259 2037 378 2104 bonum
399 2037 619 2102 universitatis
645 2045 676 2100 et
695 2035 859 2103 facultatis
880 2039 1012 2123 arcium,
1042 2038 1084 2104 ad
1110 2052 1331 2125 quemcunque
1358 2046 1479 2103 statum
1507 2023 1668 2120 devenero,

219 2146 249 2203 15
258 2135 356 2202 velim
383 2135 591 2222 procurare.“
610 2176 613 2183 ·
632 2134 676 2200 Ilt
705 2133 831 2222 placuit,
853 2134 955 2202 idem¹
981 2147 1059 2203 tunc
1084 2138 1259 2223 magistris,
1286 2135 1374 2222 quod
1393 2137 1458 2203 ista
1477 2135 1594 2202 ultima
1614 2135 1668 2202 duo

258 2235 500 2321 adperiurium
522 2233 669 2320 obligant
689 2243 747 2301 etc.

557 2406 607 2467 55.
618 2417 675 2466 -uu
698 2415 869 2466 omarum
888 2416 970 2484 noct
988 2416 1062 2467 uos
1082 2417 1373 2470 nurnurmarrrs.
1476 2436 1481 2443 ·
1518 2398 1523 2405 '

849 2536 909 2599 Vgl.
928 2550 953 2587 a.
970 2534 1008 2586 St
1029 2536 1069 2587 tt.

340 2650 422 2715 Item
443 2671 507 2714 non
540 2648 756 2714 determinans
780 2657 854 2714 ante
876 2648 973 2740 finem
1001 2652 1162 2738 sequentis
1194 2653 1352 2718 examinis
1380 2668 1492 2720 omnes
1518 2650 1668 2719 admissm

218 2753 296 2816 20in
314 2749 372 2827 tali
394 2750 542 2814 examine
563 2757 724 2837 sequatur,
745 2749 808 2813 nisi
829 2770 871 2813 ex
891 2771 991 2816 causa
1010 2744 1307 2818 rationabilibus
1325 2751 1390 2819 sibi
1411 2774 1472 2840 per
1490 2752 1667 2819 aenean

257 2849 353 2914 fuerit
372 2857 566 2912 reservatus.
597 2845 652 2911 ‘Et
675 2847 787 2913 eodem
807 2847 904 2913 modo
923 2847 981 2913 fiat
1002 2848 1042 2914 de
1070 2848 1144 2913 aliis
1171 2850 1375 2917 examinibus
1403 2851 1620 2939 sequentibus,
1644 2853 1668 2915 si

255 2959 329 3013 aute
347 2946 443 3012 finem
465 2967 577 3010 eorum
596 2968 661 3011 non
681 2945 916 3015 determinabit
1600 2942 1603 2947 ’

260 3176 264 3183 ,
287 3119 336 3182 56.
358 3130 406 3178 un
426 3128 526 3179 rouo
547 3129 594 3178 rr
614 3127 733 3181 rosus
754 3128 907 3178 rnrnsnr
926 3128 1142 3178 umerorum
1159 3129 1226 3178 vm
1248 3128 1474 3181 nnnssrom
1494 3132 1634 3183 sumas

820 3220 881 3310 'vn
898 3261 923 3298 ι.
941 3247 981 3298 ss
1000 3247 1098 3319 aare.

212 3371 248 3428 25
339 3362 421 3428 Item
442 3372 554 3451 petens
576 3360 768 3426 dilacionem
791 3358 912 3427 bursae
933 3358 1029 3426 debet
1051 3360 1171 3435 babere
1191 3362 1392 3448 magistrum,
1421 3365 1479 3452 qui
1505 3387 1568 3454 per
1592 3368 1667 3432 iura·

256 3470 398 3527 mentum
430 3462 534 3544 dicat,
565 3459 651 3546 quod
679 3457 758 3523 velit
787 3459 990 3548 irrequisitus
1017 3458 1107 3525 illam
1136 3459 1269 3526 bursam
1299 3462 1424 3529 solvere
1456 3477 1533 3530 ante
1560 3464 1612 3530 vel
1638 3467 1668 3530 in

254 3562 392 3626 termino
415 3559 595 3641 dilacionis,
624 3559 652 3624 si
673 3566 785 3645 petens
805 3579 869 3623 non
898 3557 1039 3624 solverit
1078 3557 1277 3646 Sed'petens
1297 3559 1519 3628 dimissionem
1540 3563 1668 3631 bursae²

255 3659 391 3742 iurabit,
419 3657 506 3745 quod
532 3657 617 3723 ultra
644 3679 696 3721 res
718 3665 749 3722 et
776 3654 877 3721 libros
905 3679 970 3722 non
992 3655 1112 3727 habeat
1140 3676 1164 3722 x
1190 3656 1329 3725 florenos
1357 3659 1397 3724 de
1424 3658 1522 3727 bonis
1550 3646 1666 3729 beredi-

258 3761 351 3825 tariis
371 3759 423 3824 vel
445 3756 702 3843 quibuscunque3
732 3764 764 3819 et
788 3754 829 3819 de
849 3755 909 3820 boc
929 3755 1049 3821 habeat
1070 3755 1194 3842 aliquos
1220 3757 1410 3843 fidedignos,
1439 3762 1496 3846 qui
1520 3761 1581 3828 sub
1600 3785 1666 3828 con·

215 3860 400 3926 30soieucia
427 3880 538 3923 eorum
559 3850 681 3936 dicant,
712 3876 779 3919 rem
807 3855 853 3918 ita
880 3877 960 3939 esse,
991 3857 1073 3922 sicut
1095 3856 1284 3943 principalis
1310 3857 1409 3940 iurat,
1436 3867 1469 3924 et
1495 3859 1666 3948 quibusda

260 3964 451 4045 paupertate
472 3957 540 4020 eius
561 3963 701 4035 constat,
728 3963 784 4018 aut
804 3952 886 4020 alias
911 3955 1104 4022 sufficientes
1125 3956 1365 4021 informationes
1388 3956 1428 4022 de
1450 3981 1512 4024 sua
1537 3982 1666 4047 pauper·

253 4068 319 4123 tate
339 4056 460 4121 fecerit

657 4171 707 4233 57.
728 4185 775 4234 ns
796 4184 1049 4236 nrsrumcmus
1070 4184 1267 4236 onnnsams

743 4304 802 4368 VgL
820 4319 844 4355 s.
865 4303 902 4355 St
921 4303 961 4370 23,
974 4306 998 4358 t.
1016 4305 1057 4372 26,
1075 4306 1086 4358 l
1106 4322 1131 4358 u.
1150 4321 1174 4359 a.

212 4432 246 4491 ³5
338 4419 500 4502 Quoniam
520 4416 701 4505 disputacio
724 4415 888 4483 ordinaria
913 4418 948 4484 in
973 4418 1126 4486 facultate
1146 4420 1271 4485 arcium
1290 4441 1352 4507 pro
1370 4419 1495 4490 bonam
1506 4432 1548 4490 'ot
1566 4424 1662 4490 inea

253 4529 360 4589 mento
384 4518 549 4586 facultatis
578 4516 721 4582 eiusdem
748 4514 876 4582 ridetur
904 4517 1061 4604 instituta,
1089 4541 1130 4585 ne
1157 4540 1235 4605 ergo
1263 4519 1464 4608 temporibus
1488 4524 1608 4590 norun
1632 4525 1662 4587 in

253 4619 408 4687 nichilum
437 4617 616 4704 redigatur,
654 4615 785 4682 caucius
819 4624 853 4680 et
887 4619 1044 4683 maturum
1076 4626 1125 4685 est
1154 4616 1398 4706 providendum
1438 4619 1553 4690 Placet
1579 4643 1661 4708 ergo,

255 4719 342 4808 quod
368 4717 502 4804 quilibet
525 4716 757 4802 magistrorum
781 4713 816 4778 in
837 4712 962 4780 artibus
988 4725 1064 4783 anto
1092 4716 1341 4804 complecionem
1360 4716 1493 4788 biennii
1521 4723 1581 4806 sui,
1603 4721 1660 4787 nisi

333 4934 399 4991 lIn
421 4931 475 4986 den
496 4929 766 4987 altcnStstutcnlt
792 4927 990 5002 Biehtl'lsshfig
1011 4930 1119 4991 Μ
1152 4933 1658 4995 MWflfflbistffiflwori

255 5017 335 5073 souis
352 5018 402 5072 das
419 5013 502 5071 dsfiir
517 5021 640 5086 gesetrts
656 5015 727 5069 sdan
742 5012 905 5085 ungohdrig.

331 5105 346 5157 2
364 5099 423 5155 Das
439 5097 581 5172 Folgsnds
596 5097 639 5154 bis
655 5097 734 5154 Ende
751 5099 800 5154 des
816 5096 952 5154 Abastaes
968 5098 1042 5156 steht
1058 5099 1110 5157 auf
1122 5101 1221 5159 Rssur.
1299 5092 1312 5105 ³
