3756 6158
678 476 728 524 Die
754 477 873 526 Stamten
896 491 957 524 rom
982 476 1063 525 Jahre
1084 473 1155 528 154³.
1568 479 1628 542 573

204 680 265 744 pro
289 656 416 722 viribus
437 659 700 744 impugnatururu
724 680 810 738 esse,
837 668 869 720 et
894 669 1095 722 servaturum
1127 666 1247 722 statuta
1267 656 1429 720 facultatis
1450 655 1535 722 bona
1556 656 1628 722 fide.

203 756 259 820 Sic
280 780 331 820 me
354 755 432 820 deus
455 756 586 821 adiuvet
608 780 666 843 per
694 768 934 822 sacrosanctum
955 781 1046 821 suum
1069 756 1305 843 evangeliunr.“

287 856 466 937 ,fflromitto
495 859 642 942 insuper,
672 855 808 941 gradum
843 855 926 918 hunc
960 879 1010 920 me
1038 880 1197 942 nusquam
1226 856 1454 942 repetiturum,
1492 857 1548 919 sed
1578 856 1630 920 hic

204 952 406 1019 doctoralem
429 954 574 1020 ordinem
597 958 683 1019 intra
705 977 841 1036 annum,
864 957 927 1018 nisi
956 957 1067 1040 gravis
1099 979 1197 1020 eausa
1227 954 1348 1037 obstet,
1376 965 1578 1040 sumpturum
1599 967 1630 1018 et

203 1056 332 1136 omnia,
364 1077 446 1141 quae
475 1055 518 1119 ad
548 1067 771 1119 ornamentum
799 1053 964 1118 facultatis
997 1066 1166 1141 spectant,
1200 1055 1291 1120 salva
1325 1054 1523 1118 conscientia
1554 1074 1628 1138 pro·
1654 1063 1670 1119 ⁵

206 1164 374 1217 vecturum
404 1156 506 1219 esse.“

834 1285 996 1350 Doctoris.

290 1420 384 1506 „Ego
408 1422 458 1485 .N.
480 1423 562 1501 iuro,
584 1443 635 1484 me
656 1442 769 1483 sanam
792 1419 970 1483 doctrinam
994 1421 1155 1505 evangelii
1176 1431 1207 1483 et
1229 1419 1320 1483 verbi
1337 1418 1469 1499 Christi,
1493 1417 1630 1506 prophe·

206 1529 312 1584 tarum
342 1531 373 1585 et
401 1519 621 1606 apostolorum
650 1519 821 1603 diligenter
845 1531 876 1583 et
897 1519 1035 1583 fideliter
1058 1519 1270 1599 traditurum,
1298 1519 1406 1582 omnia
1427 1540 1505 1583 vero
1525 1520 1628 1601 varia,

208 1630 344 1683 externa
366 1630 398 1683 et
424 1620 588 1683 haeretica
616 1618 770 1702 dogmata
800 1641 859 1704 pro
887 1616 1011 1682 viribus
1037 1618 1272 1683 declinaturum
1296 1629 1327 1681 et
1348 1619 1673 1702 impugnaturum310

207 1740 246 1781 ae
275 1718 315 1782 de
336 1719 376 1782 iis
399 1741 545 1805 quoque,
574 1721 628 1804 qui
660 1717 703 1781 ud
728 1717 849 1802 gradus
873 1716 1070 1802 theologicos
1094 1717 1298 1783 adsciscendi
1322 1728 1406 1796 sunt,
1429 1739 1577 1782 severum
1600 1729 1633 1782 et

207 1840 309 1902 grave
330 1818 549 1882 testimonium
571 1830 602 1881 et
628 1817 782 1881 iudicium
803 1812 866 1903 [4¹³]
890 1819 1176 1903 pronunciaturum
1206 1840 1293 1898 esse,
1327 1827 1358 1880 et
1387 1814 1471 1880 hauc
1497 1815 1631 1881 faculta-

207 1928 271 1980 tem
294 1929 325 1981 et
347 1915 489 1982 scholam
513 1918 555 1980 ad
578 1915 747 1980 utilitatem
770 1915 925 1979 eeclesiae
947 1927 979 1978 et
1000 1914 1137 2000 gloriam
1162 1916 1283 1983 Christi
1303 1917 1376 1981 lesu
1397 1938 1534 2002 semper,
1556 1917 1633 1981 dum

207 2018 328 2098 vivam,
350 2019 384 2080 in
403 2015 552 2081 omnibus
573 2028 743 2080 aucturum
766 2028 797 2079 et
820 2026 1007 2079 ornaturum
1032 2038 1112 2079 esse.
1156 2018 1210 2079 Sic
1239 2039 1290 2079 rna
1316 2017 1395 2080 deus
1421 2014 1554 2079 adiuvet
1574 2038 1633 2101 per

208 2128 450 2183 sacrosanctum
472 2114 607 2179 verbum
629 2116 751 2179 suum.“
1644 2124 1675 2179 1⁵

842 2297 1005 2345 auruum.

833 2416 941 2478 Caput
966 2418 1012 2465 XI.

296 2529 362 2610 Qui
390 2527 522 2593 aliunde
550 2530 629 2593 satis
657 2528 746 2593 clara
775 2530 871 2593 studii
901 2532 951 2594 sui
978 2529 1171 2595 documenta
1199 2528 1356 2611 attulerit,
1378 2527 1454 2592 dum
1475 2527 1571 2594 modo
1592 2531 1635 2594 sit

213 2631 370 2716 magister
392 2631 528 2709 artium,
553 2627 772 2715 disputatione
794 2640 826 2692 et
847 2631 997 2693 examine
1026 2629 1069 2693 ad
1096 2631 1234 2714 primum
1263 2627 1402 2713 gradum
1430 2626 1635 2711 admittatur,

211 2732 266 2816 qui
291 2751 368 2793 vero
390 2727 622 2792 baccalaureus
645 2727 722 2790 alibi
745 2731 849 2792 laetus
872 2741 937 2809 est,
966 2727 1062 2792 simili
1090 2730 1214 2792 ratione
1241 2726 1416 2791 seeundum
1439 2736 1560 2791 statuta
1583 2738 1677 2794 ssu-20

213 2830 344 2916 periura
372 2827 415 2891 ad
442 2826 698 2911 designationem
728 2828 845 2889 veniat.
889 2827 924 2890 Si
954 2829 1025 2914 quis
1053 2838 1159 2891 autem
1188 2829 1220 2890 in
1251 2826 1316 2891 alia
1344 2825 1511 2891 academia
1540 2830 1636 2892 fuerit

215 2941 349 2993 ornatus
365 2924 471 3012 gradu
486 2926 681 3005 doctoratus,
703 2924 765 2988 huc
784 2947 846 2988 non
861 2925 1059 3008 admittatur,
1082 2929 1144 2990 nisi
1168 2928 1258 3013 prius
1280 2948 1338 2990 sex
1358 2948 1485 2991 menses
1507 2926 1636 3013 publice

213 3028 359 3094 docuerit
383 3028 415 3090 in
436 3025 608 3105 cathedra,
632 3024 731 3087 semel
760 3023 887 3110 publice
911 3025 1126 3111 disputaverit
1146 3038 1220 3090 ante
1243 3049 1283 3090 ac
1303 3036 1376 3112 post
1395 3024 1574 3109 meridiem,
1596 3050 1636 3093 ac

215 3129 346 3192 demum
369 3129 402 3190 in
425 3126 478 3191 die
509 3126 650 3188 convivii
681 3134 755 3186 ante
781 3124 953 3209 prandium
984 3148 1096 3190 sacrae
1121 3123 1302 3209 theologiae
1330 3124 1442 3189 laudes
1474 3124 1636 3191 declama-

213 3230 305 3292 verit.
348 3227 421 3291 Hoe
444 3225 499 3289 ubi
523 3226 655 3304 fecerit,
684 3222 840 3308 postridie
867 3248 886 3287 a
907 3225 1059 3289 lucultate
1086 3224 1218 3289 honeste
1245 3227 1367 3311 petenti
1396 3247 1472 3289 suus
1495 3227 1524 3289 ei
1547 3224 1677 3291 locus25

216 3326 460 3410 adsignabitur,
484 3327 531 3389 sic
556 3335 663 3388 tamen
684 3332 719 3385 ut
741 3323 852 3386 codem
881 3326 1077 3406 iuramento,
1107 3348 1169 3411 quo
1195 3324 1345 3388 doctores
1373 3323 1502 3389 scholae
1530 3325 1635 3408 huius,

146 3476 155 3493 .
217 3425 448 3510 obstringetur.

300 3524 493 3589 Numerabit
515 3534 618 3587 autem
643 3544 758 3586 aureos
784 3523 815 3585 in
837 3544 915 3586 auro
945 3524 1079 3608 triginta
1108 3523 1309 3605 doctoribus,
1340 3523 1467 3588 famulis
1497 3524 1636 3610 publicis

215 3622 296 3688 duos
320 3647 436 3689 aureos
448 3674 457 3705 ,
483 3625 509 3686 si
542 3624 632 3708 prius
661 3621 748 3685 nullo
779 3621 831 3686 bic
860 3621 966 3706 gradu
995 3622 1166 3687 decoratus
1198 3624 1303 3687 fuerit
1356 3622 1414 3688 Sin
1444 3635 1549 3688 autem
1583 3623 1636 3690 hic

216 3722 450 3788 baccalaureus
480 3735 528 3787 est
556 3722 662 3785 sactus
692 3720 873 3805 theologiae
902 3733 958 3785 aut
980 3721 1143 3786 biennium
1166 3721 1244 3807 legit
1271 3722 1417 3809 publice,
1447 3724 1678 3792 doctoribus'to

216 3845 280 3887 non
304 3821 376 3909 plus
399 3823 490 3887 dabit
512 3823 626 3907 viginti
650 3825 766 3883 aureis.

739 4037 920 4086 sessuoulls
946 4038 989 4084 AC
1018 4037 1118 4085 Loca.

837 4158 940 4220 caput
958 4157 1017 4210 x11.

302 4271 340 4337 ln
360 4270 558 4336 sessionibus
587 4270 769 4351 doctorum,
799 4269 1040 4357 designatorum
1069 4283 1101 4337 et
1127 4270 1411 4337 baccalaurcorum
1440 4272 1637 4339 consuetudo

219 4372 417 4437 servabitur.
451 4371 515 4435 nisi
546 4369 632 4454 quod
666 4370 726 4434 hoe
758 4371 1098 4436 conmonefaciendum
1135 4382 1222 4454 erat,
1260 4370 1460 4437 licentiatum
1489 4373 1677 4460 quemvisas

219 4474 306 4536 intra
328 4493 445 4535 annum
468 4470 617 4556 primum,
638 4481 693 4533 aut
717 4467 843 4553 siquid
864 4493 884 4534 a
907 4481 974 4535 toto
996 4469 1131 4556 collegio
1155 4470 1227 4559 plus
1248 4472 1436 4557 impetravit
1458 4474 1570 4559 spacii,
1593 4495 1635 4538 ex

219 4569 402 4637 rationibus
416 4569 569 4654 legitimis
584 4567 690 4632 locum
707 4591 798 4633 suum
815 4592 879 4634 non
894 4570 1052 4652 amittere,
1074 4571 1103 4634 si
1122 4569 1173 4635 rel
1193 4568 1236 4635 ab
1257 4580 1393 4636 externo
1413 4569 1464 4635 vel
1483 4571 1636 4658 indigena

221 4673 290 4735 sive
316 4679 460 4734 nostrate
489 4669 524 4731 in
554 4667 721 4732 doctoratu
754 4678 992 4754 praevertatur.
1045 4668 1129 4733 Nam
1156 4690 1218 4755 quo
1249 4669 1388 4755 primum
1416 4668 1469 4735 die
1495 4672 1636 4757 iusignia

222 4768 404 4835 doctoralia
426 4770 548 4853 etipse
569 4767 700 4853 ceperit,
721 4777 918 4851 praeventus
939 4788 1010 4831 esse
1031 4766 1097 4832 dici
1117 4789 1181 4833 non
1200 4778 1316 4854 potest,
1338 4768 1395 4834 sed
1416 4768 1521 4834 locum
1544 4791 1635 4834 suum

223 4877 255 4933 et
277 4867 424 4932 ordinem
443 4866 514 4930 acsi
533 4864 596 4946 illi,
619 4865 673 4951 qui
694 4862 805 4929 eodem
828 4887 912 4930 anno
934 4876 966 4929 et
985 4874 1130 4955 ternpore
1150 4865 1299 4932 doctores
1321 4868 1398 4933 facti
1420 4877 1502 4951 sunt,
1522 4868 1678 4955 procultl)

222 4965 320 5031 dubio
344 4965 516 5030 tuebitur.·
