3756 6158
252 441 312 501 576
758 435 809 484 Die
833 435 1016 498 theologische
1035 436 1162 487 Facultit

334 617 426 682 Haec
447 617 556 680 omnia
581 618 609 679 si
636 618 843 703 contemptim
872 619 1049 704 praeterita
1075 619 1203 700 fuerint,
1224 619 1370 703 graviter
1392 616 1673 683 animadvertendi

252 719 286 781 in
305 715 504 802 negligentes
525 714 672 779 facultati
693 725 740 797 et,
762 718 790 779 si
813 739 894 803 opus
915 718 1027 800 fuerit,
1056 720 1152 782 etiam
1175 718 1293 782 rectori
1323 728 1356 781 et
1383 715 1515 804 publico
1544 715 1673 782 consilio

250 818 300 880 ius
327 824 359 879 et
384 823 527 900 potestas
559 823 638 879 esto.
691 815 803 900 Neque
832 817 922 880 enim*
949 819 1044 880 unius
1075 827 1131 881 aut
1161 838 1339 903 paucorum
1372 816 1572 902 negligentia
1602 838 1673 880 con·

251 936 380 978 munem
401 935 508 976 rerum
528 913 705 998 perniciem
727 916 797 978 sine
817 937 905 979 noxa
926 915 1058 980 tolerari
1078 915 1192 1001 placet.

691 1159 752 1249 [Bl.
767 1160 818 1250 6⁸]
846 1180 1001 1229 causum
1023 1182 1238 1232 sumroauu.

837 1352 840 1355 ,
855 1300 961 1362 Caput
981 1298 1067 1350 XVII.

335 1414 529 1495 Quottannis
559 1413 655 1477 semel
681 1422 737 1477 aut
758 1412 808 1477 bis
830 1412 971 1478 decanus
993 1426 1147 1481 convocet
1168 1415 1341 1499 auditores,
1364 1419 1419 1503 qui
1441 1439 1476 1480 se
1498 1417 1672 1502 praecipue

252 1514 445 1579 dediderunt
466 1512 572 1578 studio
596 1511 778 1598 theologiae
805 1523 836 1576 et
863 1512 1044 1598 aliquorum
1071 1514 1264 1580 industriam
1291 1515 1455 1602 exploret,
1485 1525 1518 1579 et
1544 1517 1672 1579 nomina

250 1637 361 1679 eorum
383 1613 533 1678 adnotari
556 1621 661 1693 curet,
683 1622 735 1692 ut,
758 1613 937 1697 siquando
961 1615 1086 1678 vicinae
1109 1613 1265 1680 ecclesiae
1286 1624 1435 1702 pastores
1456 1637 1497 1679 ac
1520 1615 1670 1679 diaconos

211 1726 241 1780 lt]
250 1714 407 1802 flagitent,
430 1735 530 1777 exeo
552 1711 722 1797 cathalogo
745 1709 870 1797 aliquos
894 1711 1039 1776 indicare
1062 1716 1172 1799 possit.
1204 1715 1343 1779 Necesse
1362 1724 1412 1779 est
1427 1716 1525 1796 enim,
1548 1712 1671 1778 scholas

249 1815 424 1878 seminaria
446 1835 517 1876 esse
538 1811 758 1875 ecclesiarum.
808 1809 853 1875 Et
874 1810 955 1876 haec
974 1813 1048 1898 ipsa
1070 1812 1185 1877 decani
1207 1814 1376 1900 diligentia
1396 1814 1431 1877 in
1451 1811 1670 1878 convocandis

249 1911 450 1978 scholasticis
473 1921 505 1975 et
527 1910 738 1997 explorandis
761 1910 875 1975 studiis
898 1934 1010 1975 curam
1033 1913 1179 1977 discendi
1200 1915 1233 1976 in
1261 1913 1370 1981 multis
1397 1924 1502 1978 acuet.

334 2029 449 2094 Visum
477 2040 526 2093 est
553 2028 615 2094 hoe
643 2050 786 2115 quoque,
808 2028 853 2109 ei,
874 2051 969 2113 quem
992 2030 1151 2094 seniorem
1173 2042 1306 2113 vocant,
1335 2040 1368 2096 et
1394 2029 1528 2095 honoris
1558 2052 1671 2094 caussa

247 2141 280 2195 et
300 2131 378 2217 quia
405 2127 490 2193 illius
519 2151 653 2215 operam
679 2126 793 2192 crebro
823 2148 900 2191 usus
930 2128 1091 2213 postulat,
1119 2129 1254 2214 singulis
1282 2131 1375 2194 annis
1404 2129 1506 2194 tribui
1533 2129 1669 2194 florenos

206 2231 373 2317 isviginti.

810 2428 1108 2492 sunun‘nsaocn.
1130 2418 1133 2422 ’

847 2564 953 2626 Caput
970 2563 1069 2613 XVIII.

329 2677 481 2743 Omnium
501 2675 770 2762 gubernationum
800 2677 833 2740 in
861 2679 929 2740 vita
956 2675 1134 2741 difficilima
1162 2686 1210 2741 est
1237 2675 1474 2760 ecclesiastica,
1502 2688 1535 2742 et
1567 2681 1666 2765 magis

247 2778 360 2842 divina
387 2799 483 2863 quam
511 2775 659 2840 humana.
712 2773 789 2840 Ideo
818 2797 877 2839 nos
904 2767 1011 2840 omnia
1040 2775 1167 2861 legibus
1195 2774 1365 2863 complecti
1393 2799 1460 2842 non
1491 2801 1664 2864 possumus.

206 2876 316 2943 aosed
336 2876 369 2941 hi
394 2874 551 2957 doctores,
575 2898 646 2939 cum
667 2875 880 2961 profiteantur
900 2874 990 2961 leges
1011 2876 1148 2940 traditas
1171 2897 1191 2938 a
1211 2874 1380 2962 prophetis
1402 2886 1435 2940 et
1455 2877 1614 2965 apostolis
1638 2887 1666 2942 et

246 2976 381 3041 videant
401 2976 539 3039 formam
561 2975 806 3059 gubernationis
830 2977 863 3037 in
893 2977 1055 3062 scriptura
1082 2974 1253 3054 traditam,
1282 2974 1367 3039 hanc
1393 2975 1567 3062 diligenter
1596 3000 1664 3041 con·

247 3075 441 3163 templentur
461 3085 494 3138 et
514 3076 548 3137 in
570 3075 637 3137 suis
657 3075 801 3158 negociis
823 3074 997 3137 imitentur.
1029 3075 1066 3139 ln
1087 3075 1198 3160 primis
1221 3085 1329 3138 autem
1352 3097 1547 3140 consensum
1570 3100 1665 3164 purae

246 3175 413 3240 doctrinae
435 3175 519 3237 tueri
542 3171 693 3236 studeant
714 3184 745 3237 et
767 3175 869 3236 vitent
890 3173 1064 3238 ambitiosa
1084 3176 1168 3237 inter
1189 3196 1224 3237 se
1245 3176 1439 3257 certamina3
1462 3198 1563 3262 saepe
1584 3178 1663 3240 enim

247 3274 416 3340 ecclesiam
437 3285 468 3337 et
488 3274 625 3359 imperia
646 3272 838 3337 ambitiones
861 3295 1001 3358 pravae,
1024 3272 1253 3338 aemulationes
1274 3284 1306 3337 et
1326 3276 1485 3338 factiones
1509 3288 1664 3342 eruerunt

204 3400 237 3455 25
335 3389 378 3453 Et
411 3391 499 3453 venit
531 3389 584 3452 hic
614 3389 648 3451 in
679 3399 819 3452 mentem
850 3390 938 3472 eius,
972 3388 1059 3474 quod
1097 3390 1303 3454 sanciverunt
1335 3390 1525 3475 ingentibus
1558 3392 1664 3476 poenis

247 3492 386 3554 maiores
409 3491 529 3571 nostri,
550 3510 609 3570 ne,
632 3500 667 3552 ut
687 3510 800 3574 saepe,
822 3486 1020 3552 baccalaurii
1047 3489 1195 3553 doctores
1224 3475 1331 3552 saevis
1359 3489 1537 3554 adficerent
1560 3501 1663 3553 contu·

248 3588 370 3671 meliis,
403 3587 459 3651 sed
491 3587 665 3651 secundum
693 3587 905 3651 iurisiurandi
925 3586 1097 3652 formulam
1118 3596 1303 3652 reverenter
1326 3587 1491 3653 haberent.
1536 3590 1581 3653 At
1601 3613 1664 3669 nos,

248 3689 453 3752 conscientiis
471 3689 623 3773 proprius
641 3686 820 3751 consultum
837 3689 1002 3773 cupientes
1027 3711 1094 3768 nec,
1117 3688 1195 3773 quid
1218 3698 1250 3751 et
1269 3699 1336 3751 tum
1358 3692 1514 3771 evenerit,
1536 3712 1663 3776 prorsus

249 3789 366 3872 ignari,
386 3799 538 3872 utrosque
561 3785 639 3849 illud
657 3785 749 3849 Pauli
772 3785 919 3850 iubemus
942 3797 977 3850 ut
999 3809 1126 3872 semper
1149 3787 1292 3851 habeant
1311 3789 1342 3850 in
1366 3788 1467 3853 oculis
1493 3798 1525 3852 et
1547 3792 1664 3852 animo:

205 3885 364 3970 30„Filii,
395 3885 524 3949 obedite
546 3886 735 3972 parentibus
756 3888 873 3949 vestris
895 3888 928 3950 in
951 3886 1096 3968 domino,
1129 3898 1160 3951 et
1187 3899 1313 3973 patres,
1342 3887 1441 3952 nolite
1468 3888 1512 3952 ad
1545 3891 1663 3952 iracun-

249 3985 335 4049 diam
358 4008 537 4071 provocare
559 3984 642 4049 filios
664 3995 805 4066 vestros,
827 3984 884 4049 sed
907 3985 1041 4049 educate
1062 3986 1136 4050 illos
1158 3988 1192 4050 in
1219 3986 1392 4072 disciplina
1414 3998 1446 4051 et
1468 3990 1664 4052 correctione

246 4084 399 4149 domini.“

329 4184 548 4270 Volumusque
571 4184 653 4264 ideo,
675 4193 719 4264 ut,
742 4206 812 4247 cum
836 4184 983 4250 doctrina
1003 4194 1100 4271 atque
1122 4187 1190 4248 vita
1210 4187 1276 4250 suis
1299 4196 1466 4271 praeeant,
1489 4187 1610 4251 nullum
1627 4186 1664 4250 de

247 4308 282 4350 se
302 4285 501 4350 morositatis
522 4293 579 4347 aut
599 4283 781 4369 tyrannidis
803 4284 986 4369 exemplum
1009 4289 1147 4349 maiores
1170 4285 1364 4372 praebeant,
1389 4285 1448 4350 sed
1472 4288 1663 4372 gravitatem

208 4397 341 4452 assuant
358 4385 458 4448 animi
476 4382 667 4447 dexteritate
683 4381 878 4469 lenitateque
898 4406 1021 4447 morum
1045 4396 1234 4470 exaequent,
1257 4384 1375 4470 quibus
1397 4385 1475 4450 solis
1498 4386 1663 4472 parabitur

251 4488 292 4550 iis
315 4483 402 4571 apud
426 4505 501 4547 suos
531 4481 716 4546 authoritas.
778 4481 875 4561 Quod
908 4484 936 4546 si
966 4485 1037 4569 quis
1073 4507 1151 4548 vero
1184 4507 1201 4548 e
1233 4484 1449 4550 studiosorum
1481 4510 1583 4572 grege
1613 4498 1664 4549 aut

250 4583 540 4648 baccalaureorum
571 4583 753 4668 quempiam
781 4605 798 4645 e
826 4581 1002 4647 maioribus
1025 4582 1207 4670 petulanter
1229 4583 1414 4666 offenderit,
1444 4585 1616 4672 collegium
1635 4597 1664 4649 ct

251 4694 367 4765 rector,
390 4686 418 4746 si
437 4704 520 4768 opus
541 4684 646 4763 fuerit,
666 4680 705 4745 de
726 4680 781 4745 illo
804 4684 852 4746 sic
874 4705 996 4768 poenas
1017 4692 1162 4765 sumant,
1189 4693 1225 4746 ut
1247 4706 1267 4747 a
1289 4686 1426 4748 caeteris
1446 4682 1601 4773 deinceps
1620 4688 1662 4749 in·

250 4783 372 4848 violata
393 4793 541 4846 teneatur
563 4782 678 4845 aetatis
701 4791 732 4844 et
755 4803 913 4866 personae
939 4786 1121 4847 reverentia
1149 4794 1180 4847 et
1207 4782 1396 4848 authoritas.

208 4909 242 4964 to
335 4898 526 4963 Auditorum
556 4899 651 4962 etiam
680 4899 811 4982 ingenia
838 4897 1011 4962 observent
1037 4897 1201 4982 doctores,
1231 4910 1272 4980 et,
1295 4901 1322 4964 si
1345 4901 1416 4986 quis
1444 4904 1595 4988 petulans
1613 4902 1661 4967 de

254 4996 424 5062 lactabitur
447 5000 559 5084 pravis
580 4997 802 5083 opinionibus,
829 4996 913 5062 hunc
934 5008 1083 5063 vocatum
1106 4998 1148 5062 ad
1169 4999 1339 5084 collegium
1363 4999 1564 5068 admoneant
1582 5005 1661 5068 etin

253 5097 339 5167 viam
361 5107 521 5184 revocent,
544 5107 747 5162 contumaces
770 5119 846 5161 vero
868 5120 980 5162 severe
1001 5098 1202 5164 coherceant.
1232 5099 1340 5164 Mores
1363 5102 1462 5166 etiam
1485 5104 1661 5170 auditorum
