3756 6158
299 478 305 497 ,
358 455 418 521 618
877 468 927 518 Dia
945 467 1131 520 medicinische
1144 470 1271 523 Faculttt

357 655 417 716 QUI
443 658 489 706 AD
516 658 703 710 CONSILIUM
728 665 943 719 FACULTATIS
972 670 1102 718 ADSUMI
1121 668 1273 734 VOLUNT,
1296 669 1340 718 IIS
1361 669 1557 732 SEQUBNTIA
1578 671 1775 720 altumalt-

825 787 939 852 Oapnt
957 791 1014 840 XX.
1037 784 1108 856 (vgl.
1128 792 1150 839 i.
1172 790 1239 840 Stat.
1258 790 1311 849 39.)

437 907 656 978 loramentum
677 916 711 980 in
736 917 849 984 ordine
869 943 969 1008 supra
989 923 1151 1008 signatum
1171 921 1297 1008 legatur
1319 921 1442 986 eisdem
1463 920 1504 987 de
1524 919 1628 986 verbo
1641 921 1686 986 ad
1704 945 1771 988 ver·

359 1002 445 1089 bum,
471 1020 502 1074 et
523 1010 584 1076 hoc
604 1013 667 1078 illis
689 1016 808 1082 sufficit
830 1041 893 1106 quc
915 1020 958 1084 ad
981 1021 1143 1086 doctorem
1166 1020 1348 1086 medicinae
1367 1022 1401 1086 in
1422 1031 1535 1086 nostra
1564 1022 1774 1086 universitate

313 1110 330 1164 5
360 1117 558 1192 promotum3
580 1113 707 1180 sivero
730 1115 809 1181 alibi
830 1129 997 1204 promotus
1017 1119 1124 1202 fuerit,
1147 1119 1287 1186 addatur
1307 1119 1397 1203 illud,
1419 1119 1506 1208 quod
1530 1121 1692 1206 sequitur:

440 1239 554 1306 Nullus
574 1243 696 1329 doctor,
719 1247 797 1313 alibi
817 1262 983 1337 promotus
1006 1261 1038 1317 et
1059 1252 1112 1317 hic
1133 1253 1325 1341 adsumptus
1346 1253 1390 1318 ad
1405 1253 1595 1319 facultatem
1606 1252 1772 1336 medicam,

357 1339 460 1426 recipi
481 1340 576 1407 debet
598 1343 641 1408 ad
663 1347 832 1415 consilium
853 1350 1017 1416 facultatis
1039 1351 1199 1435 eiusdem,
1227 1354 1291 1418 nisi
1319 1354 1354 1417 in
1372 1352 1434 1418 hac
1456 1353 1671 1419 universitate
1690 1352 1774 1418 bien·

356 1438 444 1502 nium
465 1451 540 1527 post
560 1444 609 1507 sui
631 1444 889 1535 adsumptionem
910 1450 1047 1537 legendo
1069 1451 1212 1538 aliquam
1234 1451 1402 1517 lectionem
1430 1453 1465 1516 in
1493 1451 1666 1518 medicinis
1695 1474 1774 1518 com·

357 1536 509 1623 pleverit3
532 1551 564 1605 et
584 1552 729 1630 tempore
751 1571 829 1613 suae
851 1552 1082 1638 assumptionis
1103 1549 1147 1617 ad
1168 1550 1336 1619 consilium
1364 1550 1457 1616 dabit
1483 1553 1518 1616 in
1539 1574 1622 1617 auro
1642 1561 1775 1638 quatuor

315 1645 347 1700 10
356 1635 495 1703 florenos
515 1661 667 1708 renenaes
687 1667 747 1734 pro
769 1647 859 1713 fisco.

815 1847 1060 1916 Communia
1080 1852 1316 1918 facultatis.

943 2034 990 2082 DE
1012 2035 1186 2085 LEPROSIS.

816 2153 922 2217 Caput
938 2155 1009 2206 XXI.
1047 2153 1119 2220 (Vgl.
1140 2158 1163 2206 ἰ.
1185 2155 1249 2207 Stat.
1268 2152 1324 2218 tu.)

439 2275 634 2344 Conclusam
656 2291 687 2345 et
708 2292 863 2349 statutum
885 2295 933 2349 est
956 2286 1157 2351 concorditer
1178 2309 1237 2373 per
1260 2284 1408 2350 doctores
1430 2284 1472 2349 de
1493 2285 1631 2351 consilio
1644 2285 1775 2351 faculta-

316 2383 345 2437 15
357 2375 399 2438 tis
419 2375 574 2461 medicae,
596 2380 681 2464 quod
703 2381 855 2470 deinceps
878 2383 983 2449 nullus
1004 2385 1173 2451 doctorum
1194 2384 1313 2450 audeat
1341 2407 1383 2448 ex
1412 2407 1471 2450 suo
1499 2385 1636 2472 proprio
1671 2387 1776 2473 capite

354 2483 385 2537 et
407 2475 539 2541 consilio
562 2477 649 2543 solus
668 2503 702 2544 se
723 2483 937 2548 intromittere
959 2484 999 2549 de
1021 2487 1171 2549 examine
1191 2495 1222 2548 et
1244 2482 1363 2548 iudicio
1384 2484 1506 2570 leprosi
1529 2494 1586 2550 aut
1617 2483 1659 2550 de
1681 2484 1772 2574 lepra

354 2576 504 2658 suspecti,
527 2579 591 2642 nisi
611 2576 651 2642 de
672 2580 784 2646 favore
806 2582 920 2648 decani
942 2594 974 2649 et
992 2586 1091 2649 totius
1112 2582 1274 2648 facultatis
1287 2585 1446 2668 signatum
1461 2584 1609 2649 eiusdem
1626 2583 1770 2649 obtinue

355 2673 407 2753 rit,
431 2672 489 2738 sub
511 2697 616 2761 poena
636 2683 858 2767 suspensionis
880 2706 899 2748 a
922 2683 1055 2748 consilio
1077 2682 1240 2748 facultatis
1269 2694 1301 2746 et
1323 2684 1464 2747 omnium
1486 2681 1773 2750 emolumentorum

356 2770 399 2836 ad
420 2782 486 2837 tres
506 2797 618 2857 annos,
641 2780 668 2842 si
690 2782 724 2843 in
744 2781 877 2846 consilio
898 2782 1001 2847 fuerit
1047 2783 1082 2847 Si
1103 2792 1209 2846 autem
1233 2793 1341 2864 extra,
1370 2792 1401 2846 et
1427 2781 1471 2846 ad
1498 2780 1689 2848 facultatem
1710 2794 1776 2847 tan·

313 2878 423 2935 actum
447 2884 631 2968 assumptus
652 2887 710 2961 est,
733 2902 797 2944 non
819 2893 926 2945 autern
948 2884 982 2947 in
1004 2881 1137 2947 consilio
1159 2881 1339 2963 facultatis,
1361 2880 1468 2946 fienda
1498 2881 1541 2946 ad
1570 2892 1638 2947 tres
1667 2905 1776 2964 annos,

353 2969 425 3038 loco
448 2973 517 3037 eiua
539 2996 672 3060 poenae,
695 2977 791 3044 debet
812 2979 944 3046 differri.

966 3183 1153 3233 ANATOMIA.

951 3303 1059 3365 caput
1088 3303 1174 3352 xxn.

441 3425 587 3513 Cumque
609 3453 673 3494 non
694 3430 867 3496 mediocris
885 3432 1007 3497 fructus
1030 3455 1087 3519 per
1110 3432 1343 3519 inspectionem
1362 3428 1492 3494 humani
1512 3435 1673 3518 corporis,
1697 3457 1775 3521 quae

313 3532 415 3611 25per
436 3529 610 3593 sectionem
631 3530 667 3592 fit
688 3522 885 3612 (ἀνατομίαν
906 3532 1097 3620 appellant),
1120 3531 1161 3596 ad
1184 3529 1360 3617 discipulos
1381 3529 1503 3611 redeat,
1526 3531 1636 3619 itaque
1657 3533 1776 3619 placuit

356 3629 565 3709 constituere,
606 3641 640 3693 ut
666 3631 800 3716 singulis
830 3635 923 3697 annis
951 3632 993 3697 ad
1022 3632 1263 3720 praescriptum
1284 3628 1482 3693 medicorum
1502 3652 1623 3716 corpus
1646 3631 1775 3720 aliquod

354 3723 542 3809 dissecetur,
565 3729 612 3792 ita
633 3738 739 3794 tamen
762 3743 797 3796 ut
817 3742 926 3819 partes
948 3733 1094 3818 corporis
1116 3730 1249 3795 humani
1271 3738 1302 3793 et
1317 3721 1459 3808 ἁρμονία
1475 3727 1621 3794 eiusdem
1638 3731 1776 3819 discipu·

352 3823 393 3888 lis
416 3838 566 3892 accurate
588 3829 807 3896 ostendantur.

833 3996 892 4084 [Bi.
914 3995 965 4085 72]
990 4012 1295 4063 rnnanscoronm.

315 4140 349 4195 30
944 4135 1052 4196 (rapui
1069 4134 1168 4183 xxm.

438 4267 618 4348 Caeterum,
639 4289 712 4331 cum
740 4236 1002 4354 pharmacorum·
1020 4266 1246 4352 consyderatio
1269 4263 1320 4328 vel
1353 4264 1534 4349 praecipua
1563 4263 1607 4328 ad
1635 4265 1776 4330 medicos

355 4368 525 4452 pertineat,
549 4366 698 4431 doctores
719 4367 882 4431 facultatis
904 4366 1049 4430 medicae
1071 4365 1205 4450 singulis
1229 4365 1322 4428 annis
1352 4362 1622 4449 pharmacopolia
1652 4377 1684 4429 et
1712 4365 1776 4430 offi-

356 4467 443 4531 cinas
464 4467 640 4551 inspiciant
659 4478 690 4530 et
712 4476 832 4548 curent,
855 4476 890 4530 ut
912 4465 1069 4551 probatae
1092 4465 1271 4529 medicinae
1292 4473 1496 4551 usurpentur.

436 4597 527 4680 Item,
550 4600 577 4663 si
598 4600 680 4664 forte
702 4601 939 4685 compositurus
962 4599 1003 4661 sit
1025 4597 1278 4685 pharmacopola
1300 4596 1492 4661 medicinam
1512 4594 1689 4661 multarum
1705 4621 1773 4684 par·

313 4699 436 4762 (titium
459 4709 490 4762 et
511 4700 658 4787 inquam
681 4699 788 4786 plures
811 4721 863 4761 res
883 4697 1117 4783 ingrediuntur,
1141 4721 1223 4785 quae
1244 4718 1382 4782 magnae
1403 4695 1657 4780 compositiones
1677 4699 1776 4761 nomi·

355 4809 481 4880 nentur,
503 4797 660 4863 iubebunt
680 4796 953 4885 pharmacopolae
976 4807 1086 4884 partes
1108 4796 1279 4882 simplices,
1302 4795 1492 4881 priusquam
1515 4796 1776 4878 conminuuntur,

357 4895 399 4959 ad
421 4897 698 4984 contemplandum
722 4896 890 4982 discipulis
912 4905 945 4960 et
966 4896 1151 4961 doctoribus
1173 4917 1363 4983 proponere.

439 5030 611 5094 Praeterea
634 5030 751 5094 debent
775 5053 823 5110 ea,
845 5031 983 5115 quaein
1006 5030 1142 5093 officinis
1165 5029 1364 5108 venduntur,
1395 5027 1438 5092 ad
1460 5036 1582 5091 certam
1604 5032 1775 5114 pecuniam

360 5129 469 5191 taxari
492 5138 523 5192 et
542 5141 655 5193 taxata
674 5128 832 5215 perscribi
854 5131 888 5192 in
909 5127 1020 5193 tabula
1040 5138 1071 5192 et
1092 5129 1242 5214 proponi,
1263 5129 1392 5213 signata
1416 5125 1533 5214 sygillo
1556 5138 1703 5196 senatus.
1745 5132 1778 5196 Si
