3756 6158
735 467 785 518 Die
806 467 1025 532 philosophische
1042 465 1171 518 Faculttt.

783 738 880 787 Erote
899 736 1114 800 Abtheilung.

269 879 313 968 [S.
335 879 365 969 5]
391 899 461 959 ouo
484 899 614 947 ornum
637 901 776 960 eunoun
797 900 949 948 serious
969 900 1217 948 enumeratur
1238 900 1309 948 noc
1333 899 1500 947 raucone
1524 899 1648 948 srunm

306 999 508 1046 orrmnnuu
529 1000 798 1047 urscmunmuuu
819 1001 865 1048 ur
885 1001 1019 1048 Aurum
1040 999 1235 1047 rnncusurr
1258 999 1503 1048 couuumrnrr
1525 999 1608 1047 ruo-

586 1099 760 1147 rnssrorus
781 1099 884 1147 nurus
906 1101 943 1146 m
963 1099 1140 1148 acaunum
1160 1098 1326 1146 messum.

202 1257 218 1311 5
328 1248 409 1314 Cum
442 1247 661 1312 admonitione
695 1247 903 1312 illustrissimi
935 1249 1093 1335 principis
1125 1256 1156 1312 et
1188 1247 1343 1329 domini,
1362 1246 1486 1311 domini
1521 1247 1669 1334 Augusti,

246 1346 336 1411 ducis
358 1346 521 1411 Senoniae
544 1357 575 1410 et
596 1349 754 1433 principis
782 1346 939 1428 electoris,
966 1350 1094 1433 patroni
1121 1357 1153 1412 et
1180 1349 1282 1434 patris
1306 1345 1558 1428 clementissimi,
1587 1368 1668 1411 com·

244 1448 382 1510 munitas
406 1445 504 1509 studii
532 1446 689 1510 bonarum
719 1448 836 1510 artium
864 1446 1152 1510 administrationis
1181 1469 1258 1511 suae
1288 1445 1477 1532 diligentem
1506 1467 1618 1509 curam
1640 1455 1669 1509 et

242 1556 424 1632 respectum
448 1547 653 1632 suscepisset,
683 1568 718 1610 re
741 1544 922 1610 deliberata
945 1556 977 1609 et
999 1544 1204 1610 considerata
1226 1544 1400 1631 diligenter
1421 1543 1585 1631 quaedam
1604 1567 1668 1609 mu·

243 1653 328 1724 tare,
364 1644 523 1730 quaedam
554 1646 732 1730 corrigere,
764 1644 923 1731 quaedam
954 1644 1105 1709 disertius
1135 1666 1299 1730 exponere
1326 1645 1432 1708 visum
1461 1644 1522 1708 suit
1552 1666 1595 1708 ex
1622 1645 1669 1726 iis,

205 1752 327 1830 loquae
350 1742 504 1807 hactenus
525 1743 577 1807 vel
598 1742 762 1830 descripta
784 1747 912 1808 statutis
933 1743 985 1808 vel
1008 1744 1240 1809 consuetudine
1262 1753 1393 1808 servata
1415 1753 1530 1806 essent.
1566 1741 1669 1829 Atque

244 1842 301 1905 illa
324 1843 389 1905 suis
411 1841 611 1929 temporibus
634 1851 712 1928 apta
733 1843 833 1907 fuisse
853 1843 1103 1907 existimandum
1127 1854 1189 1924 est,
1219 1841 1277 1908 sed
1304 1852 1436 1908 nostrae
1461 1842 1564 1905 aetati
1585 1839 1667 1927 plae-

243 1964 344 2028 raque
372 1943 477 2005 minus
505 1940 693 2005 iamdudum
721 1962 897 2026 congruere
926 1942 1200 2009 animadvertitur.
1241 1941 1395 2007 Omnium
1422 1949 1531 2004 autem
1554 1961 1669 2021 rerum,

245 2040 420 2106 secuudum
441 2051 584 2104 veterem
613 2051 752 2126 poetam,
779 2040 859 2105 nihil
888 2043 1062 2128 quicquam
1086 2050 1242 2128 perpetuo
1258 2039 1378 2126 eodem
1402 2047 1574 2126 permanet
1593 2038 1670 2104 loco.

245 2140 318 2204 Non
338 2139 438 2224 igitur
460 2139 500 2202 de
528 2139 702 2225 prioribus,
730 2161 813 2225 quae
834 2162 898 2221 non
928 2140 1109 2226 culpantur,
1137 2162 1223 2205 nuuc
1250 2136 1483 2225 disputandum
1513 2148 1579 2221 est,
1607 2137 1669 2219 sed,

208 2248 237 2302 15
247 2237 311 2303 illis
328 2239 491 2324 repositis,
513 2259 614 2324 opera
636 2238 753 2321 danda,
776 2249 811 2303 ut
832 2238 972 2303 officium
994 2247 1178 2325 praestetur
1199 2239 1232 2302 in
1253 2240 1303 2321 iis,
1325 2260 1408 2325 quae
1429 2258 1510 2300 vera
1532 2248 1565 2301 et
1585 2247 1671 2301 recta

247 2348 278 2402 et
301 2336 392 2401 utilia
422 2360 493 2400 esse
519 2336 712 2402 iudicantur.
749 2339 803 2403 De
830 2338 947 2424 quibus
976 2337 1097 2424 placuit
1118 2337 1250 2403 consilio
1273 2336 1404 2425 publico
1434 2337 1668 2401 communitatis

247 2436 341 2500 huius
370 2438 435 2500 ista
462 2436 604 2501 breviter
626 2437 756 2503 decerni
785 2447 817 2503 et
846 2449 975 2503 caetera
1002 2437 1078 2502 fidei
1106 2446 1138 2501 et
1164 2436 1343 2501 industriae
1371 2433 1576 2520 singulorum
1603 2459 1669 2522 per·

247 2537 340 2599 mitti.
383 2534 491 2616 Quae,
527 2535 737 2600 illustrissimi
775 2538 932 2625 principis
973 2535 1241 2601 clementissimae
1273 2536 1368 2620 cogni
1382 2531 1520 2621 [dltioui
1556 2534 1669 2618 oblata,

247 2634 435 2699 clementiae
451 2633 538 2698 illius
554 2634 754 2721 placuerunt,
776 2649 807 2701 et
823 2636 919 2701 iussit
938 2634 1174 2699 illustrissimus
1193 2636 1345 2722 princeps
1361 2655 1401 2698 ea
1419 2635 1557 2716 servari,
1573 2632 1668 2698 donec

204 2734 411 2798 20videretur
439 2732 562 2819 aliquid
591 2735 797 2818 mutandum,
827 2736 929 2800 literis
958 2735 1000 2799 ad
1029 2737 1288 2799 communitatem
1315 2732 1435 2815 missis,
1466 2755 1552 2820 quae
1579 2732 1668 2799 datae

246 2833 432 2897 scribuntur
453 2832 603 2898 Dresdae
625 2833 677 2898 die
699 2835 814 2900 XXVI
833 2834 967 2922 Aprilis,
991 2855 1075 2899 anno
1093 2833 1136 2898 M
1158 2818 1201 2898 D'.
1221 2831 1338 2898 LVIII.

692 3051 735 3140 [S.
756 3051 787 3141 7]
810 3071 856 3119 uu
879 3071 1029 3120 rusmco
1053 3069 1222 3120 couslmo.

885 3225 995 3286 Caput
1012 3223 1034 3272 1.

330 3368 499 3434 Publicum
523 3391 594 3433 esse
616 3368 784 3433 consilium
806 3392 938 3435 necesse
958 3380 1015 3452 est,
1039 3380 1074 3434 ut
1095 3370 1231 3454 negocia
1252 3368 1494 3432 communitatis
1517 3367 1666 3455 explicari

205 3478 278 3534 latet
298 3480 385 3534 reete
405 3470 475 3554 geri
504 3469 645 3554 possint,
674 3478 772 3555 utque
795 3471 969 3534 constituta
990 3470 1124 3550 servari,
1139 3467 1295 3562 fierique,
1318 3466 1408 3554 quod
1431 3490 1495 3554 par
1517 3477 1581 3550 est,
1604 3468 1664 3531 ani·

248 3569 479 3633 madvertatur.
520 3567 625 3630 Huius
647 3567 773 3631 consilii
795 3591 866 3632 esse
887 3578 986 3655 caput
1007 3567 1139 3655 aliquod
1162 3575 1303 3652 oportet,
1333 3579 1369 3629 ut
1398 3578 1431 3631 et
1460 3577 1612 3653 poscente
1635 3588 1665 3629 re

248 3669 308 3732 hoc
329 3676 472 3752 cogatur,
500 3675 531 3730 et
560 3667 735 3730 sententiae
758 3677 913 3753 rogentur
936 3667 1058 3750 ordine,
1088 3676 1119 3730 et
1141 3663 1286 3730 consulta
1312 3663 1508 3751 decretaque
1535 3666 1665 3753 perscri-

247 3767 375 3848 bantur,
403 3775 435 3829 et
462 3776 613 3852 sequatur
636 3769 791 3831 executio.
828 3766 924 3830 Hanc
946 3768 1144 3831 curationem
1168 3765 1283 3830 decani
1304 3767 1417 3829 vocari
1438 3768 1593 3831 usitatum
1614 3780 1664 3830 est

371 3999 430 4057 ool
450 3999 494 4044 ET
516 3999 610 4057 QUAM
633 3999 741 4045 MULTI
762 4000 938 4047 PUBLICUM
957 3999 1144 4047 CONSILIUII
1166 3997 1350 4045 COMPLERE
1372 3998 1549 4048 DEBEANT.

206 4159 240 4214 30
852 4151 979 4212 ,caput
1002 4150 1042 4199 11.
1109 4136 1113 4148 “

334 4296 428 4376 Quod
456 4296 611 4362 hactenus
635 4309 797 4362 servatum
819 4298 892 4378 fuit,
923 4305 959 4360 ut
985 4294 1025 4359 de
1047 4307 1185 4383 quatuor
1209 4294 1396 4361 nationibus
1419 4295 1523 4385 aliqui
1544 4299 1578 4362 in
1599 4320 1665 4362 con·

250 4397 321 4460 silio
350 4395 480 4481 publico
503 4396 667 4478 adessent,
696 4407 732 4460 ut
759 4408 864 4462 cortus
892 4417 1044 4460 uumerus
1072 4394 1152 4459 illud
1182 4394 1371 4480 compleret,
1400 4395 1436 4460 id
1463 4410 1590 4462 mutare
1609 4419 1665 4461 non

248 4495 379 4580 placuit.
422 4495 494 4559 Hoc
515 4507 621 4559 autem
643 4498 747 4560 visum
771 4495 923 4582 deinceps
946 4492 1160 4575 statuendum,
1188 4502 1337 4579 oportere
1366 4496 1483 4581 quinos
1507 4496 1548 4561 de
1574 4498 1664 4560 natio·

250 4594 345 4658 nibus
366 4595 400 4657 in
422 4592 564 4675 consilio,
586 4605 617 4658 et
639 4617 759 4676 omnes,
783 4597 839 4682 qui
862 4593 989 4681 publice
1011 4596 1043 4656 in
1067 4592 1128 4656 hac
1148 4593 1375 4657 communitate
1398 4592 1527 4677 docent,
1549 4594 1664 4661 consilii

209 4703 241 4758 35
251 4696 353 4780 ipsius
380 4716 451 4758 esse
479 4696 664 4780 participes.
709 4693 803 4773 Quod
834 4696 861 4758 si
890 4715 1023 4757 numero
1049 4693 1216 4756 nationum
1242 4690 1373 4756 definito
1403 4693 1436 4756 hi
1467 4694 1664 4781 comprehen-

251 4794 376 4874 dantur,
405 4795 451 4856 ita
471 4794 586 4878 viginti
616 4793 791 4858 consiliarii
819 4803 913 4857 erunt
941 4792 1095 4855 universi.
1136 4791 1194 4854 Sin
1224 4793 1289 4854 iam
1318 4790 1435 4877 plenus
1463 4795 1664 4859 numerusin

250 4892 357 4978 aliqua
379 4894 507 4955 natione
534 4893 644 4974 suerit,
673 4891 805 4956 accedet
834 4891 875 4956 ad
906 4891 990 4955 hunc
1019 4890 1169 4976 publicae
1193 4888 1358 4954 doctrinae
1382 4893 1561 4977 professor.
1602 4893 1663 4973 Quo

251 5014 328 5055 casu
350 5002 459 5077 posset
481 4992 653 5078 aliquando
674 4992 760 5074 fieri,
789 5001 823 5054 ut
843 4990 954 5076 plures
977 5012 1073 5076 quam
1096 5008 1143 5053 xx
1166 4990 1199 5052 in
1227 4989 1361 5053 consilio
1393 4990 1529 5077 publico
1557 4992 1662 5079 reperi·

251 5100 371 5153 rentur.
