3756 6158
250 459 311 522 232
826 456 881 505 Das
900 455 988 506 kleine
1006 455 1109 520 colleg.

247 641 475 726 magistrorum
499 638 741 725 collegiatorum
763 639 883 705 dictum
904 641 1127 730 praepositum
1147 639 1272 704 iniuriis
1293 638 1480 705 verbalibus
1502 638 1554 705 vel
1576 639 1666 705 reali·

246 739 306 805 bus
328 739 458 823 afficiat,
482 739 542 805 sub
564 761 671 826 poena
693 735 797 805 eidem
817 740 985 805 iniurianti
1007 762 1066 827 per
1086 738 1257 826 collegium
1278 738 1442 805 dictanda

305 913 352 973 l‘l.
375 925 423 972 DE
444 913 628 973 uaslsrms
649 923 695 971 ΕΤ
718 923 915 973 SUPPOSITIS
936 925 1004 973 PER
1028 921 1271 972 Pmsoslrms
1291 922 1544 972 commannis
1564 924 1611 972 ΕΤ

836 1022 1081 1072 colemannum.

204 1151 220 1205 ⁵
325 1142 418 1224 Item,
437 1141 464 1204 si
486 1138 672 1227 praeposito
693 1138 813 1202 factum
835 1137 971 1204 alicuius
992 1139 1141 1225 magistri
1160 1136 1212 1203 vel
1235 1139 1405 1225 suppositi,
1426 1161 1585 1226 praesens
1608 1139 1669 1206 col-

244 1239 366 1327 legium
388 1240 599 1321 immerentis,
620 1237 831 1325 displicuerit,
862 1246 982 1304 extunc
1009 1238 1107 1305 talem
1128 1238 1319 1324 magistrum
1340 1237 1393 1303 vel
1420 1238 1602 1305 scholarem
1629 1239 1671 1304 ad

246 1363 281 1406 se
303 1342 477 1408 convocari
507 1339 606 1404 faciat
634 1349 666 1403 et
691 1336 829 1421 eundem
853 1338 908 1425 pie
935 1346 1137 1404 commoneat
1169 1346 1239 1420 aut,
1267 1338 1296 1403 si
1324 1361 1407 1425 opus
1433 1337 1546 1422 fircrit,
1575 1339 1671 1405 etiam

247 1441 368 1506 acriter
389 1441 542 1526 corrigat,
563 1447 599 1502 ut
619 1436 661 1502 ab
684 1435 869 1504 huiusmodi
889 1436 974 1524 facto
998 1436 1134 1503 desistat
1151 1435 1203 1503 vel
1224 1459 1394 1503 excessum
1415 1437 1568 1526 (siquem
1580 1439 1669 1516 fecit)

246 1541 287 1606 de
308 1548 414 1609 cetero
436 1562 501 1606 non
523 1538 711 1604 committat
754 1536 819 1619 Qui
842 1538 870 1601 si
895 1538 943 1602 sic
963 1537 1103 1602 monitus
1131 1545 1187 1602 aut
1209 1544 1372 1602 correctus
1400 1558 1471 1602 sese
1498 1537 1670 1603 emendare

207 1640 333 1706 tohaud
363 1640 526 1704 curaverit
545 1636 599 1722 vel
620 1638 832 1718 recusaverit,
862 1659 994 1702 causam
1015 1636 1114 1702 talem
1135 1635 1179 1701 ad
1200 1635 1370 1722 collegium
1398 1634 1549 1720 deducat,
1576 1659 1670 1723 quarn

121 1784 123 1788 »
245 1740 331 1804 idem
353 1738 524 1825 collegium
543 1738 637 1802 iuxta
657 1736 736 1802 facti
758 1735 946 1824 qualitatem
968 1734 1099 1821 decidat
1118 1744 1151 1801 et
1173 1746 1337 1827 crescente
1358 1735 1433 1801 talis
1454 1734 1670 1802 inobedientis

245 1839 297 1905 vel
319 1838 445 1905 malitia
468 1837 521 1903 vel
547 1834 722 1902 rebellione
751 1857 824 1900 eum
849 1843 1017 1924 tamquam
1036 1834 1291 1922 incorrigibilem
1311 1858 1331 1901 a
1353 1834 1489 1922 collegio
1510 1835 1669 1919 excludat,

245 1962 305 2005 nec
326 1938 464 2004 eundem
484 1936 655 2022 collegium
675 1936 835 2002 reintrare
856 1937 1010 2023 patiatur,
1033 1935 1137 2002 donec
1158 1935 1262 2000 eidem
1288 1958 1348 2022 per
1368 1937 1419 2000 sui
1439 1935 1545 2023 ipsius
1567 1957 1669 2001 emen·

245 2039 406 2105 dationem
435 2048 468 2102 et
493 2058 617 2124 poenae
638 2031 703 2122 [lb]
725 2034 788 2100 sibi
810 2035 950 2101 dictatae
972 2034 1023 2099 vel
1053 2033 1226 2100 dictandae
1254 2034 1454 2101 effectualem
1480 2035 1670 2103 solutionem

207 2148 237 2205 15
245 2137 472 2204 reconciliatus
491 2136 597 2202 fuerit.

711 2291 758 2351 15.
777 2301 826 2350 nn
847 2301 934 2351 esen
957 2301 1201 2351 eaocuaanns.

327 2420 418 2501 Item,
444 2427 480 2483 ut
504 2418 652 2505 magistri
680 2419 882 2484 concorditer
915 2427 947 2484 et
974 2417 1110 2505 pacifice
1140 2419 1255 2483 vivant
1282 2427 1315 2484 et
1341 2427 1451 2484 mutuo
1480 2438 1668 2484 conversen-

247 2532 308 2602 tur,
336 2518 453 2606 placet,
482 2517 567 2604 quod
590 2518 771 2605 quicunque
800 2516 900 2583 alium
921 2517 1119 2606 percusserit
1142 2515 1193 2582 vel
1224 2517 1306 2584 alias
1333 2518 1509 2583 enormiter
1529 2517 1667 2601 laeserit,

246 2623 328 2685 citra
354 2627 462 2683 tamen
482 2617 747 2700 vulnerationem,
776 2615 882 2682 solvat
902 2616 1038 2704 collegio
1063 2624 1129 2682 tres
1156 2639 1337 2704 sexagenas
1358 2638 1463 2682 novas
1484 2640 1545 2705 pro
1567 2638 1684 2706 poena*

205 2729 278 2786 2oct
299 2719 386 2806 parti
407 2717 515 2782 laesae
536 2717 722 2781 satisfaciat.
749 2715 786 2782 Si
806 2725 912 2782 autem
934 2716 1075 2805 aliquem
1095 2715 1324 2799 vulneraverit,
1347 2719 1429 2782 citra
1448 2725 1559 2782 tamen
1580 2720 1666 2783 muti·

246 2820 408 2899 lationem,
430 2816 534 2883 solvat
556 2838 615 2903 pro
633 2837 738 2903 poena
759 2815 870 2880 decem
884 2825 916 2880 et
929 2824 1001 2881 octo
1015 2815 1155 2881 florenos
1177 2826 1208 2880 et
1227 2816 1436 2883 nihilominus
1457 2817 1546 2903 parti
1564 2815 1667 2882 laesae

247 2917 435 2983 satisfaciat
465 2914 501 2981 Si
523 2926 629 2981 autem
651 2914 752 3004 (qnod
774 2914 874 2993 absit)
895 2913 1036 3002 aliquem
1055 2915 1263 2999 mutilaverit,
1284 2924 1450 3002 tamquam
1471 2935 1550 3003 pars
1573 2915 1667 3004 putri-

247 3018 290 3083 da
310 3027 342 3082 et
363 3017 454 3107 pacis
475 3015 682 3102 perturbator
703 3037 723 3080 a
744 3013 880 3101 collegio
902 3011 1103 3080 excludatur.

329 3117 411 3181 Item
438 3115 551 3180 levans
578 3113 730 3201 lapidem,
760 3122 927 3179 cantarum
949 3113 1003 3178 vel
1025 3113 1223 3183 consimilem
1249 3137 1317 3179 rem
1344 3116 1452 3180 animo
1478 3114 1666 3203 proiiciendi

204 3224 321 3304 25post
342 3214 396 3279 vel
415 3216 449 3280 in
478 3213 617 3303 aliquem
643 3214 882 3300 magistrorum,
910 3235 975 3277 non
996 3223 1104 3278 tamen
1132 3236 1205 3278 cum
1233 3213 1349 3279 effectu
1368 3214 1555 3301 proiiciens,
1583 3215 1667 3281 dabit

246 3314 382 3401 collegio
412 3315 523 3379 decem
554 3336 687 3399 grossos
714 3335 816 3378 novos
846 3334 907 3399 pro
934 3334 1048 3400 poena.
1092 3312 1136 3378 Et
1164 3322 1289 3378 tantam
1318 3335 1457 3401 poenam
1485 3314 1666 3401 persolvere

248 3413 379 3480 debebit
406 3413 460 3478 ille
481 3412 625 3498 collegi0,
654 3415 710 3499 qui
737 3411 831 3477 alteri
851 3414 885 3477 in
907 3413 1138 3478 convocatione
1166 3412 1217 3478 vel
1240 3413 1387 3500 prandiis
1410 3413 1540 3500 collegii
1565 3416 1665 3505 convi-

247 3517 332 3580 cium
353 3514 480 3578 dixerit
509 3512 641 3578 sivero
664 3513 836 3600 proiecerit
856 3519 889 3577 et
910 3511 1051 3599 aliquem
1072 3533 1138 3576 non
1159 3515 1311 3599 tetigerit,
1333 3510 1439 3579 solvat
1459 3537 1561 3580 unum
1580 3514 1665 3580 flore

245 3636 321 3678 num
337 3635 396 3699 pro
409 3635 525 3699 poena.
553 3611 589 3677 Si
610 3622 717 3677 autem
737 3614 844 3699 ipsum
866 3612 1018 3697 tetigerit,
1043 3612 1125 3675 citra
1146 3619 1256 3676 tamen
1275 3610 1544 3698 vulnerationem,
1568 3615 1666 3680 solvat

204 3721 313 3779 30tres
335 3734 515 3798 sexagenas
537 3734 637 3776 novas
659 3734 719 3799 pro
743 3732 856 3798 poena.
900 3709 965 3792 Qui
987 3720 1096 3775 autem
1117 3734 1257 3798 poenam
1279 3711 1463 3778 huiusmodi
1485 3713 1665 3800 persolvere

247 3821 278 3877 et
305 3813 339 3877 in
368 3810 540 3876 dictamine
565 3810 692 3896 collegii
723 3819 809 3874 stare
835 3807 1128 3898 recu[5⁸]saverit,
1157 3835 1217 3898 pro
1241 3813 1372 3899 periuro
1398 3821 1569 3899 reputetur
1594 3823 1665 3878 eta

248 3910 381 3997 collegio
400 3908 600 3975 excludatur.

327 4009 409 4074 Item
430 4010 458 4074 si
480 4008 596 4094 aliquis
619 4009 848 4093 magistrorum
870 4007 964 4072 alteri
985 4009 1019 4073 in
1039 4012 1224 4097 praesentia
1246 4010 1376 4097 collegii
1398 4011 1600 4089 conviciatus
1618 4009 1662 4075 vel

245 4110 417 4175 iniuriatus
429 4108 536 4196 (quod
550 4107 647 4184 absit)
666 4108 772 4189 fuerit,
795 4115 827 4171 et
849 4108 921 4194 ipse
942 4109 1101 4176 iniurians
1122 4108 1309 4199 praeposito
1329 4109 1382 4175 vel
1404 4112 1534 4196 seniori,
1557 4133 1662 4199 pacem

204 4219 302 4275 35aut
331 4208 492 4275 silentium
524 4210 553 4273 ei
582 4206 806 4289 demandanti,
838 4231 905 4273 non⁴
933 4210 1079 4295 paruerit
1112 4211 1221 4298 sicque
1254 4210 1428 4274 convitium
1460 4213 1602 4277 convitio
1628 4232 1662 4276 ac

246 4310 382 4374 iniurias
403 4309 528 4373 iniuriis
550 4306 810 4390 accumulaverit,
833 4306 937 4372 solvat
958 4307 1092 4394 collegio
1112 4318 1178 4374 tres
1200 4309 1340 4374 florenos
1361 4331 1421 4396 pro
1444 4332 1560 4397 poena.

552 4494 598 4556 16.
621 4509 667 4555 na
687 4507 893 4556 sounsrsrn
915 4508 951 4555 m
970 4507 1145 4556 coensem
1168 4509 1358 4557 snavanns.

326 4625 407 4690 Item
433 4622 541 4689 nullus
570 4623 613 4688 ad
641 4623 844 4689 commodum
874 4647 967 4689 suum
995 4624 1180 4690 introducat
1208 4624 1260 4689 vel
1284 4623 1444 4690 introduci
1472 4624 1574 4691 faciat
1601 4625 1661 4690 sive

249 4725 288 4790 de
320 4724 373 4789 die
406 4725 474 4789 sive
504 4722 544 4788 de
576 4734 669 4789 nocte
699 4723 866 4790 mulierem
894 4723 935 4802 de
968 4722 1099 4810 publica
1128 4725 1340 4791 fornicabone
1375 4733 1576 4811 suspectam,
1608 4723 1660 4790 sub

204 4835 352 4910 lopoena
372 4825 467 4888 unius
490 4845 673 4910 sexagenae
694 4846 808 4906 novae,
838 4822 973 4910 collegio
995 4823 1262 4890 irremissibiliter
1283 4821 1529 4912 persolvendae.
1571 4824 1614 4890 Et
1636 4823 1659 4887 si

246 4923 318 5008 quis
345 4923 439 4988 tertio
467 4921 649 4989 huiusmodi
676 4933 831 4989 statutum
857 4932 1080 5009 transgressus
1106 4923 1212 5005 fuerit,
1241 4925 1316 5010 quia
1343 4923 1410 4987 iam
1436 4921 1659 5011 incorrigibilis

246 5024 472 5111 praesumitur,
502 5045 521 5085 a
551 5023 686 5108 singulis
707 5023 865 5089 fructibus
885 5031 917 5087 et
938 5022 1159 5087 emolumentis
1183 5022 1309 5108 collegii
1332 5022 1552 5108 suspendatur
1571 5031 1610 5104 ct,
1635 5020 1659 5085 si

247 5121 380 5207 collegio
401 5121 627 5188 reconciliatus
649 5146 712 5188 non
734 5124 844 5205 suerit,
876 5121 917 5187 ab
940 5121 1052 5188 eodem
1074 5120 1273 5188 excludatur.
1316 5120 1445 5210 Siquis
1468 5132 1575 5188 autem
1595 5141 1657 5187 cum
