3756 6158
432 1642 470 1707 Β.
512 1640 592 1707 orn
615 1619 1040 1707 srsrnrnnnttuflnu
1060 1638 1154 1706 ons
1175 1620 1492 1709 unvnsslrir.

303 2023 324 2072 1.
359 2021 421 2071 DIE
440 2018 632 2070 STATUTEN
649 2018 728 2070 VOM
745 2019 862 2071 JAHRE
883 2022 957 2081 1410,
978 2023 1044 2074 ΜΙΤ
1062 2013 1456 2076 ZUSATZBESCHLUSSEN
1474 2017 1530 2071 als
1549 2016 1623 2069 ZUM

844 2103 959 2156 JAHRE
981 2107 1072 2159 141141.1

518 2282 696 2332 ΙΝΟΙΡΙΙῙΝΤ
712 2281 877 2338 suarim
899 2285 1162 2337 Umvanslrnrls
1183 2285 1394 2336 mumulo.

220 2429 236 2482 5
323 2404 364 2479 In
391 2415 518 2479 nominc
546 2412 651 2499 patris
679 2420 711 2475 et
737 2408 796 2474 filii
823 2421 855 2475 ot
876 2414 1011 2499 spiritus
1034 2415 1137 2479 sancti
1159 2412 1274 2480 Amen.
1313 2414 1409 2479 Anno
1430 2410 1670 2479 incarnacionis

252 2518 373 2583 domini
400 2521 502 2584 nostri
530 2518 604 2581 Iesu
632 2515 755 2581 Christi
779 2513 950 2582 millesimo
977 2517 1296 2605 quadringentesimo
1328 2517 1454 2582 decimo
1483 2517 1611 2593 (14111)
1639 2512 1673 2574 in

249 2626 414 2682 rectoratu
433 2617 582 2703 magistri
602 2614 755 2679 Iohannis
777 2613 817 2680 dc
838 2613 1058 2701 Monstirberg
1081 2613 1176 2702 (1409
1185 2614 1230 2702 ¹³),
1259 2638 1373 2681 sacrae
1393 2613 1578 2700 theologiae
1597 2633 1672 2698 pro·

248 2718 392 2799 sessoris,
415 2715 566 2783 conclusa
583 2715 713 2779 fuerimt
735 2722 856 2778 statuta
875 2712 1061 2802 subscripta
1077 2700 1260 2780 in'consilio
1273 2715 1498 2781 universitatis
1511 2713 1668 2800 Lipcaen·

248 2818 293 2881 sis
314 2825 346 2880 et
367 2837 426 2902 per
447 2824 584 2900 quatuor
605 2815 757 2878 naciones
779 2813 922 2877 eiusdem
944 2816 1167 2879 universitatis
1190 2814 1395 2881 concorditer
1416 2811 1611 2900 approbata.

209 2991 242 3047 10
395 2989 422 3045 1.
465 2996 589 3058 QUALIS
610 2996 750 3044 DEBEAT
773 2992 856 3042 Essa
878 2995 1037 3044 PERSONA
1058 2996 1244 3046 nnlomlnls
1265 2999 1301 3046 m
1322 2995 1522 3046 REOTOREM.

331 3113 385 3177 Ad
405 3095 591 3178 rectoratus
606 3111 748 3178 officium
765 3109 909 3196 ‘eligatur
928 3133 1069 3198 persona
1089 3114 1311 3179 universitatis
1331 3122 1471 3195 nostrae,
1500 3130 1584 3198 quac
1604 3109 1672 3172 vita

248 3221 280 3277 et
306 3211 450 3276 moribus
478 3209 744 3277 commendabilis
771 3210 893 3274 existat
919 3219 950 3275 ct
975 3212 1164 3277 vicesimum
1179 3214 1340 3300 'quintum
1367 3232 1488 3277 annum
1518 3229 1599 3274 suae
1619 3228 1671 3273 ae·

248 3312 324 3375 tatis
345 3311 490 3396 attigerit
511 3319 543 3374 et
562 3308 603 3373 de
623 3307 781 3394 legittimo
801 3309 895 3375 thoro
916 3319 1089 3396 procreata
1114 3312 1243 3376 existat
1285 3309 1339 3376 De
1360 3332 1426 3398 qua
1446 3317 1554 3374 astato
1576 3314 1610 3372 et
1628 3304 1671 3370 le

248 3410 436 3495 gittimitate
464 3411 492 3473 si
520 3430 579 3496 per
608 3408 830 3472 universitatis
851 3419 1010 3474 rectorem
1032 3412 1198 3495 antiquum
1220 3420 1253 3475 et
1273 3409 1477 3475 consiliarios
1499 3406 1672 3487 dubitatur,

210 3507 474 3573 todeficiantibus
500 3509 534 3571 in
564 3508 761 3572 contrarium
792 3506 1045 3592 probaeionibus
1076 3509 1165 3575 credi
1193 3509 1289 3574 debet
1317 3507 1410 3572 electi
1430 3509 1567 3594 proprio
1587 3508 1672 3571 iura·

247 3616 364 3673 mento.
406 3608 476 3672 Nec
502 3609 630 3692 expiret
656 3606 781 3692 antiqui
808 3601 839 3690 [2
847 3602 873 3692 ¹³]
899 3608 1035 3671 rectoris
1062 3607 1205 3674 officium
1227 3609 1330 3674 donec
1350 3629 1468 3691 novus,
1489 3603 1672 3681 <secundum

247 3716 368 3770 statuta
388 3707 607 3772 universitatis
629 3714 761 3769 nostrae
782 3702 939 3789 legittime
961 3705 1096 3789 electus,
1124 3717 1279 3794 acceptet.
1322 3708 1404 3772 Post
1433 3707 1504 3771 eius
1525 3711 1674 3790 accepta·

250 3807 375 3871 cionem
397 3806 537 3871 officium
559 3805 656 3890 primi
675 3804 811 3868 rectoris
836 3804 1001 3890 expirabit
1021 3807 1055 3868 in
1075 3815 1153 3871 tote.
1464 3875 1467 3878 ,

329 3904 410 3969 Item
432 3906 460 3968 si
482 3912 596 3969 contra
616 3925 790 3990 personam
813 3901 906 3967 electi
928 3902 1037 3991 aliqua
1062 3905 1103 3971 de
1124 3904 1374 3992 exccpcionibus
1395 3902 1593 3990 subscriptis
1615 3923 1671 3989 op·

205 4013 395 4092 20ponetur‚
418 4025 500 4090 quae
520 4004 554 4066 in
576 4004 754 4067 continenti
776 4001 911 4088 probari
932 4025 996 4068 non
1009 4006 1122 4090 possit,
1145 4004 1296 4072 videlicet
1317 4003 1404 4090 quod
1426 4024 1491 4068 nou
1512 4004 1556 4067 sit
1576 4022 1674 4066 mem·

248 4103 342 4168 brum
369 4102 590 4167 universitatis
617 4111 749 4166 nostras
773 4100 985 4184 inundatum,
1013 4103 1065 4168 vel
1088 4105 1130 4167 sit
1150 4102 1331 4189 illegittime
1352 4110 1463 4184 naun,
1495 4100 1549 4167 vel
1571 4101 1673 4173 eciam

249 4203 456 4287 coniugatus,
483 4223 549 4265 non
576 4200 726 4282 clericus,
755 4199 807 4264 vel
838 4200 974 4266 alicuius
1002 4202 1169 4289 religionis
1196 4203 1378 4288 professus,
1410 4200 1486 4267 talis
1514 4200 1671 4287 excepoio

172 4344 176 4351 =
248 4311 449 4389 proponatur
477 4301 595 4366 rectori
622 4301 842 4365 universitatis
864 4311 895 4364 et
918 4301 1113 4370 consiliariis
1136 4301 1370 4388 cognoscenda.
1415 4299 1460 4365 Et
1481 4310 1619 4383 extunc,
1646 4299 1674 4363 si

247 4400 387 4487 probata
407 4401 505 4465 fuerit
525 4400 679 4485 excepcio
701 4409 816 4465 contra
835 4397 971 4465 electum
994 4402 1147 4488 opposita
1167 4399 1220 4466 vel
1243 4400 1403 4484 confessa,
1427 4421 1494 4466 non
1516 4397 1672 4476 dissolvo

316 4703 328 4752 1
350 4698 404 4753 Die
426 4714 477 4753 vor
496 4697 559 4752 dem
576 4695 663 4753 Jahro
683 4703 746 4754 1440
768 4695 981 4753 beschIossenen
999 4698 1129 4754 Statutcn
1152 4699 1213 4754 sind
1237 4697 1316 4753 nicht
1340 4700 1378 4753 im
1398 4695 1525 4770 Original
1541 4695 1675 4763 eandum,

248 4781 367 4836 sondcrn
389 4781 419 4835 in
442 4782 518 4836 einer
541 4779 699 4850 Abschrift‚
725 4782 770 4836 dic
795 4781 873 4837 nicht
893 4800 944 4838 vor
969 4783 1057 4836 dieses
1082 4782 1154 4858 ianr
1175 4781 1247 4838 fallt.
1280 4782 1374 4856 Vergl.
1397 4781 1536 4839 Urkundl.
1556 4778 1675 4847 Quellcn

249 4864 277 4919 S.
295 4871 345 4920 600
362 4864 401 4936 fg.
437 4865 587 4921 Vielleieht
605 4866 801 4920 veranstaltcte
817 4867 858 4921 sie
874 4866 1018 4922 iohannes
1036 4867 1137 4936 Wyse‚
1155 4866 1204 4920 der
1223 4871 1311 4921 1443·
1328 4868 1433 4923 Rector
1450 4882 1521 4935 war,
1538 4881 1594 4919 von
1611 4863 1674 4919 dem

248 4948 294 5002 die
316 4947 558 5019 augenscheinlich
584 4965 638 5002 von
661 4949 804 5004 derseiben
821 4949 905 5004 Hand
926 4949 1111 5006 herriihrende
1129 4948 1276 5005 Abschrist
1293 4951 1343 5006 der
1361 4955 1467 5005 statuta
1483 4947 1610 5020 legibilia
1624 4947 1674 5003 dor

248 5031 491 5103 philosophisehen
516 5032 646 5087 Faculttit
673 5034 710 5087 im
733 5032 820 5088 Jahra
847 5040 910 5089 1441
920 5051 934 5078 ι
952 5035 1133 5089 veranstaltct
1149 5051 1184 5088 au
1202 5035 1258 5089 sein
1276 5033 1391 5090 scheiut.
1425 5032 1519 5104 Vergl.
1536 5029 1679 5088 Urknndi·

251 5115 368 5182 Quellcn
387 5115 413 5170 S.
432 5120 489 5174 att.
