3756 6158
728 483 779 532 Die
797 482 916 533 Statuten
934 497 994 533 vom
1013 483 1096 533 Jahre
1117 488 1188 546 1⁵43,

858 666 963 732 Cspnt
981 667 1065 719 XVII

249 818 333 878 QUID
354 815 495 865 DONARI}
511 814 674 863 DEBEAN'I'
692 813 865 863 mmsrms
881 815 1039 864 PUBLIGIS
1059 816 1095 881 11,
1117 815 1242 876 QUIBUS
1259 815 1420 865 Honores
1438 816 1668 867 nocromtts

817 913 1084 964 conseruntur.

331 1032 524 1116 Quicunque
546 1051 706 1095 summum
725 1027 885 1094 honorum
905 1029 1172 1096 scholasticorum
1193 1027 1332 1116 gradum
1353 1033 1516 1097 consecuti
1539 1031 1669 1114 fuerint,

226 1143 287 1199 tut
299 1132 352 1196 vel
369 1133 403 1196 in
417 1153 512 1196 sacra
521 1127 685 1216 theologia
698 1128 751 1194 vel
767 1128 869 1194 altero
881 1136 938 1194 aut
946 1138 1081 1214 utroque
1102 1131 1172 1195 iure
1192 1127 1244 1193 vel
1263 1127 1426 1196 medicina
1444 1131 1596 1219 magistri
1617 1130 1670 1197 do·

247 1242 394 1298 ctoresve
422 1229 642 1316 appellentur,
680 1251 791 1295 eorum
823 1227 1043 1316 unusquisque
1073 1227 1222 1316 publicos
1248 1229 1414 1296 ministros
1448 1231 1670 1298 universitatis

245 1337 376 1397 nostrae
392 1339 448 1394 aut
471 1328 735 1394 convenientibus
757 1327 902 1394 vestibus
923 1335 979 1393 aut
1000 1326 1043 1413 (si
1063 1329 1243 1415 pecuniam,
1266 1337 1300 1393 ut
1320 1330 1387 1415 ipsi
1406 1341 1514 1396 vestes
1537 1352 1667 1417 compa·

247 1439 328 1513 rent,
351 1429 431 1493 dare
451 1425 614 1511 maluerit)
645 1449 710 1493 non
741 1428 848 1493 minus
875 1445 973 1516 quarn
996 1437 1151 1515 quantum
1179 1425 1293 1492 floreni
1319 1429 1462 1516 quinque
1483 1428 1671 1495 Rhenenses

246 1529 393 1610 valeant,
418 1527 482 1593 illis
507 1536 667 1610 numeret3
699 1525 763 1614 ipsi
792 1537 906 1593 contre
932 1527 1073 1593 ministri
1103 1526 1226 1615 publici
1247 1527 1436 1594 cathedram
1461 1537 1494 1594 et
1516 1527 1672 1594 subsellia

207 1639 238 1694 10
249 1631 316 1694 suis
337 1627 495 1693 sumtibus
518 1625 667 1717 diligenti
687 1647 789 1713 opera
810 1635 960 1692 extruere
983 1634 1016 1692 et
1037 1648 1197 1692 exornare
1218 1625 1389 1693 debebunt

737 2054 740 2059 ⁴
759 1967 954 2061 Sequuntur
978 2002 1110 2052 statuta
1241 2047 1242 2050 ,

428 2081 467 2131 sd
485 2094 592 2130 mores
610 2080 771 2144 imprimis
788 2088 819 2131 ct
835 2082 945 2132 studia
963 2081 1210 2144 discipulorum
1227 2078 1449 2142 pertinentia.

408 2350 409 2354 Ἴ
879 2276 1086 2328 recurasse.

330 2378 413 2446 cum
435 2376 648 2443 scholasticae
659 2377 895 2443 universitates
915 2399 981 2442 non
1000 2385 1067 2441 tam
1089 2375 1133 2441 ad
1154 2375 1323 2441 doctrinae
1345 2385 1377 2441 et
1398 2375 1559 2443 bonarum
1578 2370 1674 2443 disci·

207 2491 238 2546 15
248 2478 409 2567 plinarum
435 2487 532 2566 atque
560 2478 679 2542 artium
710 2477 975 2547 exercitationem
1002 2497 1098 2562 quam
1126 2474 1307 2541 honestatis
1335 2484 1368 2540 et
1394 2476 1524 2541 virtutis
1552 2473 1673 2540 cultum

248 2581 416 2644 institutae
436 2579 516 2660 sint,
540 2597 601 2663 par
625 2576 755 2662 quidem
777 2584 864 2658 erat,
886 2585 922 2641 ut
942 2574 1140 2664 quotidianis
1162 2573 1416 2641 subiectionibus
1436 2584 1469 2640 et
1489 2576 1674 2663 praeceptis

247 2680 335 2743 vitae
356 2688 388 2741 et
407 2698 544 2757 morum,
566 2697 649 2760 quae
671 2673 899 2740 et-audinntur
922 2684 954 2739 et
974 2672 1134 2760 leguntur,
1156 2674 1190 2737 in
1211 2673 1274 2739 hac
1295 2675 1489 2762 praesertim
1506 2673 1579 2740 luce
1591 2676 1673 2740 veri·

246 2779 323 2844 tatis
344 2776 550 2843 Christianae
575 2775 717 2840 omnium
739 2774 837 2839 animi
861 2781 919 2840 s'ua
941 2783 1055 2860 sponte
1075 2774 1118 2840 ad
1147 2772 1421 2839 rectefaciendum
1449 2775 1674 2840 incitarentur.

248 2878 334 2959 Quia
361 2884 470 2940 tamen
497 2877 531 2940 in
562 2875 747 2961 promiscua
769 2872 975 2939 multitudino
996 2895 1126 2960 semper
1147 2872 1280 2961 plurimi
1300 2872 1380 2939 mali
1399 2875 1618 2961 reperiuntur,
1634 2895 1674 2938 ne

205 2975 440 3065 wimprobitaa
459 2973 573 3039 horum
593 2964 688 3038 bonis
710 2983 826 3039 noceat
845 2993 955 3069 neque.
970 2973 1061 3058 quies
1083 2982 1116 3038 et
1136 2996 1222 3060 pax,
1253 2974 1438 3039 necessaria
1456 2967 1588 3059 studiis,
1608 2983 1673 3039 tur-

245 3078 351 3159 betur,
376 3074 537 3161 imprimis
561 3094 658 3138 curae
679 3072 740 3136 fuit
761 3072 938 3138 maioribus
960 3072 1097 3155 nostris,
1118 3082 1154 3138 ut
1174 3072 1263 3158 leges
1284 3074 1384 3138 initae
1405 3071 1606 3160 delegendae
1626 3071 1673 3150 (l)

245 3178 367 3242 ferrent
387 3173 525 3239 subditis
547 3173 768 3237 universitatis
789 3193 876 3259 suae,
898 3194 978 3256 quas
1001 3172 1055 3259 qui
1078 3170 1202 3237 violare
1222 3174 1293 3238 ausi
1314 3173 1461 3256 fuissent,
1482 3173 1523 3237 iis
1545 3170 1674 3238 debitae

246 3296 370 3363 poenae
390 3272 433 3337 ad
455 3271 639 3357 exemplum
661 3271 800 3337 aliorum
820 3262 1059 3357 infligerentur,
1081 3280 1134 3354 ut,
1156 3272 1211 3358 qui
1232 3273 1362 3337 virtutis
1383 3270 1598 3338 eruditionem
1626 3294 1673 3337 re

247 3383 410 3462 spuerent,
433 3372 605 3436 severitate
618 3370 680 3436 hac
694 3372 882 3459 necessaria
894 3379 1131 3436 coercerentur.
1169 3370 1316 3451 Quorum
1338 3370 1480 3437 salutare
1501 3370 1674 3437 consilium

206 3475 336 3542 250mni
357 3472 483 3537 ratione
505 3470 763 3537 conservandum
786 3480 818 3534 et
840 3467 1038 3558 sequendum
1059 3470 1155 3551 nobis
1176 3469 1339 3536 duximus.
1371 3471 1479 3560 Atque
1495 3466 1576 3537 'ideo
1599 3493 1672 3538 con·

246 3575 393 3640 stitutum
414 3581 472 3652 est,
494 3578 529 3634 ut
550 3568 714 3658 deinceps,
736 3571 819 3635 sicut
838 3569 880 3636 ab
902 3570 1035 3669 antiqno
1056 3570 1177 3635 factum
1197 3570 1268 3653 fuit,
1289 3592 1346 3636 suo
1368 3571 1503 3659 quisque
1525 3571 1674 3636 semestri

158 3728 164 3737 .
203 3703 206 3711 ι
244 3681 350 3739 rector
372 3670 477 3736 edicto
496 3668 631 3756 publico
647 3668 698 3734 bis
720 3678 876 3735 convocet
895 3689 1007 3734 omnes
1029 3669 1357 3736 universitatishuins
1372 3669 1485 3734 ditioni
1497 3668 1673 3754 subiectos,

244 3793 359 3859 nempe
381 3770 510 3836 circiter
531 3778 681 3834 octavum
702 3767 788 3833 diem
809 3767 878 3836 (tal.
899 3767 974 3834 Iulii
1003 3777 1034 3833 et
1047 3769 1186 3834 'circiter
1206 3779 1357 3835 octavum
1377 3768 1463 3834 diem
1484 3769 1604 3836 Iduum
1625 3767 1673 3858 (l)

247 3870 447 3959 Septembris
475 3870 510 3934 in
538 3870 685 3933 semestri
714 3868 878 3951 aestivali,
904 3870 939 3932 in
966 3866 1109 3954 hyemali
1137 3877 1244 3933 autem
1273 3871 1400 3935 circiter
1426 3869 1506 3935 VIII
1538 3867 1674 3937 Calend.

206 3968 441 4037 30Decembris
468 3977 499 4033 et
527 3968 657 4032 circiter
681 3967 757 4032 Idus
785 3967 932 4033 Martias.
981 3965 1108 4047 Quibus
1135 3968 1337 4055 temporibus
1366 3976 1492 4052 rector,
1522 3972 1579 4057 qui
1606 3978 1675 4035 tum

248 4072 441 4158 magistratu
461 4069 632 4153 fungetur„
646 4068 792 4132 oratione
814 4067 857 4132 ad
877 4078 1004 4153 tempus
1035 4076 1067 4131 et
1093 4066 1258 4133 auditores
1287 4069 1534 4135 accommodata
1561 4068 1674 4135 omnes

248 4171 292 4236 ad
312 4171 467 4256 pictatem
489 4177 521 4232 et
543 4164 664 4231 cultum
686 4167 816 4232 virtutis
836 4176 868 4232 et
888 4166 996 4258 studia
1015 4169 1212 4251 optimarum
1234 4168 1483 4255 disciplinarum
1504 4161 1604 4256 atque
1622 4191 1673 4234 ar·

245 4271 324 4335 tium
346 4265 567 4335 cohortabitur
595 4275 627 4330 et
652 4268 733 4332 vitia
761 4275 858 4353 atque
884 4266 1080 4353 pravitatem
1099 4269 1187 4332 vitae
1216 4290 1256 4333 ac
1281 4273 1406 4334 merum
1433 4265 1674 4334 adolescentiae

248 4366 471 4456 reprehendet.
506 4365 615 4452 Atque
636 4367 683 4431 ita
705 4365 834 4431 curabit
853 4365 986 4431 recitari
1008 4387 1091 4453 quae
1113 4365 1156 4430 ad
1177 4364 1378 4432 honestatem
1400 4366 1673 4456 compescendam

203 4470 282 4536 stin
312 4489 422 4532 omnes
445 4466 559 4531 ditioni
587 4464 682 4531 huius
711 4465 933 4530 universitatis
965 4466 1151 4551 suppositos
1186 4467 1364 4555 aequaliter
1398 4468 1575 4534 constibrta
1610 4469 1675 4534 sint

249 4571 296 4633 ita
316 4577 351 4633 ut
372 4574 549 4654 sequuntur
572 4565 722 4631 distincte
742 4566 776 4628 in
798 4574 922 4630 certum
944 4573 1137 4630 statutorum
1159 4588 1327 4632 numerum
1349 4566 1493 4633 redacta

853 4766 1023 4818 Ststntnm
1043 4767 1063 4818 1.

520 4916 567 4964 DE
590 4916 745 4963 VITANDA
765 4914 986 4963 PETULAN'I'IA
1007 4914 1043 4962 IN
1065 4915 1181 4963 Dtcrts
1203 4916 1249 4963 ΕΤ
1271 4916 1403 4966 recrls.

329 5031 467 5115 Omnes,
496 5035 550 5119 qui
571 5032 658 5119 leges
684 5054 826 5118 unquam
848 5029 1008 5114 tulertmt,
1040 5031 1081 5096 de
1102 5034 1310 5098 veneratione
1332 5042 1364 5097 et
1384 5032 1470 5099 cultu
1492 5035 1597 5100 divini
1617 5058 1671 5102 nu·

204 5131 342 5196 lominis
365 5142 440 5196 ante
461 5135 569 5197 omnia
590 5142 841 5219 praeceperunt,
869 5130 903 5194 id
925 5129 1012 5217 quod
1032 5155 1108 5215 nos,
1131 5133 1186 5218 qui
1207 5131 1387 5200 Christiani
1415 5155 1487 5200 esse
1514 5135 1670 5232 volumus,
