3756 6158
735 482 786 536 Die
805 482 1022 550 philesophisehe
1038 485 1165 538 Feculttt.

527 811 532 819 ι
801 719 851 781 29.
872 718 1026 798 Aulona]

520 857 629 950 1.·[31.
649 859 724 950 43·]
746 876 976 931 rumnuuruu
995 847 1307 933 smmumnonuu

325 994 419 1081 „Ego
435 994 481 1060 .N.
494 996 575 1078 iuro,
596 995 680 1081 quod
699 1017 759 1060 nec
780 997 912 1062 accione
931 1007 991 1063 nec
1008 997 1144 1081 ulcione,
1164 1022 1224 1064 nec
1244 1022 1302 1087 per
1323 1022 1374 1065 me
1394 1022 1455 1064 uec
1474 1019 1534 1085 per
1555 997 1654 1080 alium,

246 1092 368 1159 directe
388 1093 440 1159 vel
465 1093 631 1177 indirecte,
655 1093 756 1159 verbo
777 1095 829 1160 vel
857 1096 942 1161 facto
964 1095 1017 1162 vel
1045 1099 1158 1183 quovis
1190 1097 1370 1164 ullomodo
1395 1097 1493 1162 velim
1521 1120 1572 1161 me
1593 1099 1653 1161 vin·

204 1202 220 1257 5
246 1192 365 1276 dicare,
394 1194 422 1258 si
452 1193 495 1258 ad
523 1215 661 1258 examen
691 1215 755 1258 non
785 1193 939 1260 admittar
966 1194 1018 1260 vel
1048 1197 1150 1261 eciam
1178 1207 1253 1283 post
1280 1218 1416 1262 examen
1442 1197 1572 1278 reiciar,
1601 1195 1653 1260 sub

245 1282 357 1379 poena
376 1293 519 1378 periurii,
548 1290 633 1380 quod
662 1301 775 1357 contra
803 1293 925 1377 faciens
946 1297 1019 1382 ipso
1045 1294 1130 1360 laeto
1158 1297 1296 1378 incurro,
1324 1305 1357 1360 et
1377 1305 1506 1360 centum
1528 1295 1652 1360 floreno·

245 1414 326 1473 rum,
348 1411 483 1476 quorum
502 1391 658 1456 medietas
679 1390 774 1457 cedat
793 1390 852 1475 illi,
873 1382 968 1481 quem
989 1395 1036 1458 sic
1058 1393 1193 1477 offendo,
1215 1394 1281 1460 alia
1301 1417 1378 1461 vero
1398 1394 1559 1461 medietas
1571 1392 1654 1458 cedat

245 1489 399 1557 famltat'u
442 1489 498 1556 Sic
517 1512 569 1557 me
590 1488 669 1556 deus
690 1489 821 1556 adiuvet
839 1500 872 1556 et
894 1498 1008 1559 sanda
1027 1490 1081 1557 dei
1101 1493 1309 1580 ewangelia“
1465 1478 1469 1491 ⁸

655 1626 686 1690 2.
708 1640 937 1690 mmmm
958 1641 1252 1694 rumrsunoscu

206 1749 239 1804 10
329 1738 423 1826 „Ego
436 1738 487 1804 ll.
501 1739 582 1820 iuro,
604 1738 689 1827 quod
706 1760 767 1804 nec
787 1740 918 1805 accione
930 1761 998 1835 'nec
1017 1739 1152 1825 ulcione,
1172 1763 1233 1808 nec
1252 1763 1310 1829 per
1324 1763 1376 1807 me
1394 1763 1456 1809 nec
1475 1763 1537 1829 per
1556 1739 1652 1824 aliun,

247 1837 368 1904 directe
387 1836 440 1903 vel
467 1836 632 1920 indirecte,
659 1836 834 1904 verbovel
862 1837 948 1904 facto
968 1836 1028 1903 ‘vel
1054 1840 1168 1928 quovis
1195 1838 1258 1906 alio
1283 1834 1378 1906 modo
1399 1837 1501 1923 velim
1527 1863 1578 1906 me
1596 1842 1651 1906 vin·

238 1937 367 2020 dicare,
396 1938 425 2001 si
452 1936 494 2001 ad
515 1945 713 2023 temptamen
733 1958 797 2002 non
825 1935 978 2009 admittar
998 1936 1052 2003 vel
1078 1938 1179 2004 eciam
1207 1953 1282 2026 post
1308 1946 1508 2025 temptamen
1535 1940 1651 2022 reiciat,

248 2035 308 2102 sub
328 2057 433 2123 poena
453 2036 597 2122 periurii,
624 2034 710 2124 quod
733 2030 987 2102 contrafaciant
1006 2037 1079 2124 ipso
1102 2037 1188 2102 facto
1208 2038 1346 2119 incurro,
1367 2045 1403 2103 et
1423 2047 1552 2102 centum
1571 2037 1650 2104 llore-

248 2147 372 2218 norum,
400 2156 536 2221 quorum
561 2133 717 2199 medietas
747 2134 841 2201 cedat
867 2134 926 2219 illi,
955 2154 1050 2221 quem
1077 2137 1125 2202 aie
1150 2135 1286 2220 offendo,
1316 2135 1382 2200 alia
1404 2157 1486 2202 vero
1508 2135 1650 2203 medietas

210 2246 241 2301 tt
252 2233 348 2300 cedat
365 2233 520 2300 facultati
563 2231 618 2300 Sic
637 2254 689 2300 me
708 2232 788 2301 deus
809 2232 941 2300 adiuvet
959 2242 992 2300 et
1013 2244 1126 2301 sancta
1145 2234 1199 2300 dei
1218 2233 1427 2321 ewangelia“

331 2540 361 2603 3.
389 2584 399 2618 ,
440 2557 482 2622 go
504 2534 554 2601 .N.
573 2535 653 2617 iuro,
683 2531 769 2622 quod
797 2555 858 2600 nee
883 2523 1014 2601 accione
1041 2557 1102 2600 nec
1126 2534 1262 2617 ulcione,
1285 2555 1346 2599 nee
1369 2555 1431 2621 per
1453 2555 1508 2600 me
1526 2555 1587 2600 nec
1603 2554 1647 2622 per

250 2635 358 2718 alium,
383 2633 504 2700 directe
523 2630 575 2701 vel
594 2632 761 2716 indirecte,
782 2632 882 2699 verbo
902 2633 955 2698 vel
979 2634 1067 2699 facto
1087 2633 1140 2699 vel
1160 2634 1273 2721 quovis
1296 2631 1360 2699 alic
1380 2631 1477 2700 modo
1498 2633 1594 2699 velim
1608 2654 1647 2699 ne

250 2733 426 2817 vindicare,
457 2735 485 2799 si
513 2733 556 2800 ad
582 2755 719 2800 examen
739 2730 1010 2820 veltemptamen
1031 2755 1097 2799 non
1118 2732 1271 2827 admittar
1291 2731 1343 2799 vel
1369 2734 1473 2799 eciam
1489 2742 1570 2821 post
1588 2754 1644 2798 exa·

249 2856 324 2899 men
344 2831 396 2898 vel
423 2842 620 2921 temptamen
646 2833 773 2915 reiciar,
802 2830 863 2897 snb
891 2848 997 2919 poena
1019 2833 1163 2919 periurii,
1190 2831 1277 2920 quod
1304 2841 1418 2898 contra
1444 2831 1567 2898 faciens
1588 2833 1643 2919 ipso

208 2932 336 2998 wfecto
357 2934 496 3016 incurro,
522 2943 554 2998 et
580 2940 708 2997 centum
729 2931 933 3013 florenorum,
960 2953 1097 3019 quorum
1119 2929 1274 2997 medietas
1296 2930 1393 2997 cedat
1410 2929 1482 3015 illi,
1498 2953 1587 3021 quem
1609 2930 1643 2996 u'e

250 3030 386 3114 offendo,
416 3031 481 3097 alia
499 3053 578 3098 vero
599 3030 756 3097 medietas
777 3028 871 3096 cedat
892 3028 1049 3103 facultati.
1070 3042 1072 3047 '
1089 3028 1144 3097 Sic
1169 3052 1221 3096 me
1247 3029 1328 3096 deus
1350 3029 1484 3097 adiuvet
1503 3039 1536 3096 et
1554 3040 1643 3096 sanus

250 3131 303 3199 dei
324 3129 531 3217 ewangeliaf‘
744 3187 755 3199 ..

332 3239 359 3298 4.
380 3230 474 3317 „Ego
497 3230 544 3296 .N.
572 3231 642 3296 iuro
663 3228 757 3296 vobis
779 3227 901 3317 decano
925 3237 957 3294 et
976 3229 1096 3294 vestris
1125 3227 1365 3294 successoribus
1390 3231 1602 3296 reverenciam
1617 3235 1640 3290 et

250 3329 472 3396 obedienciam
491 3331 525 3394 in
544 3328 642 3394 licitis
663 3338 697 3394 et
718 3328 871 3411 honestis,
894 3336 926 3393 et
946 3348 1077 3393 servare
1099 3335 1219 3394 statuta
1239 3339 1271 3393 et
1297 3327 1470 3395 statuenda
1487 3352 1547 3417 pro
1567 3347 1638 3416 poue

207 3435 282 3495 sset
300 3452 405 3514 nosse,
426 3437 458 3494 et
479 3450 654 3517 procurare
673 3426 794 3493 bonum
812 3426 1010 3493 facultatis.“

335 3583 475 3657 Hieraus
490 3582 725 3658 mcdyetruyeu:

304 3806 307 3809 ,
337 3736 366 3796 5.
387 3727 539 3814 „Egoll
559 3729 641 3810 iuro,
661 3725 748 3815 quod
767 3748 854 3792 nunc
874 3736 905 3790 et
925 3727 959 3790 in
980 3733 1085 3808 antea,
1106 3727 1359 3815 quociescunqne
1379 3729 1414 3793 in
1434 3724 1582 3794 decanum
1597 3732 1637 3790 aut

255 3831 507 3894 examinatorem
538 3823 829 3914 promovendorum
856 3826 889 3889 in
917 3804 1052 3908 artilrus,
1085 3835 1152 3890 tam
1183 3826 1226 3891 ad
1255 3828 1478 3913 magisterium
1503 3821 1636 3917 quamsd

252 3925 515 4008 baccalariatum,
545 3924 674 3992 electus
690 3926 791 4007 fuero,
818 3923 987 3989 admittere
1005 3923 1103 3990 velim
1125 3926 1328 4013 simpliciter²
1350 3925 1467 4013 dignos
1486 3936 1518 3992 et
1543 3926 1636 3992 reicere

211 4025 415 4112 30indign0s.
457 4023 513 4090 Sic
532 4047 584 4090 me
604 4024 683 4091 deus
703 4023 835 4090 adiuvet
856 4035 888 4088 et
909 4032 1021 4089 sancta
1041 4023 1093 4089 dei
1111 4024 1317 4112 ewangelia“

339 4567 350 4617 1
370 4561 424 4617 Die
440 4560 538 4617 beiden
556 4565 645 4616 ersten
662 4557 823 4615 Permulare
842 4556 903 4613 sind
920 4558 991 4614 wohl
1012 4559 1078 4616 bald
1101 4559 1174 4616 nach
1190 4559 1350 4635 absume
1368 4563 1419 4620 der
1435 4561 1560 4621 seem
1572 4559 1638 4629 ⁸⁸²8*

258 4651 370 4716 tregam
393 4644 446 4701 No.
464 4650 479 4701 3
496 4645 565 4700 faust
582 4661 635 4698 nur
651 4642 704 4699 No.
725 4650 736 4697 1
754 4659 781 4698 u.
800 4647 815 4698 2
834 4642 863 4696 in
878 4642 932 4697 Ein
949 4643 1094 4716 Formular
1109 4661 1273 4716 zusammen,
1294 4645 1380 4704 Not
1400 4647 1438 4703 ist
1452 4643 1639 4720 dergldelm

257 4729 339 4801 sango
356 4728 545 4784 beachlossene
563 4727 617 4782 Eid
633 4727 683 4782 der
698 4722 995 4796 Facultiitamitglieder
1013 4729 1044 4800 (a.
1062 4746 1087 4784 0.
1108 4728 1135 4787 S.
1152 4732 1209 4798 ³0⁶,
1229 4733 1277 4804 1³).
1312 4729 1365 4786 Ne.
1382 4735 1399 4787 ³
1419 4747 1446 4786 ιι
1464 4738 1481 4788 4
1498 4731 1557 4786 siud
1570 4729 1639 4800 W

257 4811 437 4886 geschrieben
455 4814 497 4868 ala
517 4811 569 4869 Nc.
589 4816 601 4866 1
620 4828 647 4866 n.
666 4815 696 4880 ²3
721 4806 793 4864 noch
815 4811 907 4881 spato
928 4811 1003 4866 ward
1024 4811 1156 4868 eusdem
1179 4813 1235 4868 laer
1253 4812 1434 4884 gabliebenen
1455 4814 1559 4871 Reum
1576 4809 1637 4868 rtet

255 4895 471 4968 nachgetragen,
485 4897 565 4967 jener
579 4894 641 4965 uid,
656 4894 706 4950 der
722 4911 767 4948 am
784 4896 826 4948 ³0.
843 4893 955 4965 August
971 4899 1037 4952 14³⁶
1060 4895 1234 4953 beechlossen
1250 4898 1333 4953 ward.
1360 4897 1451 4963 Unter
1465 4898 1555 4956 dicam
1569 4891 1637 4952 uide

256 4978 422 5035 formularen
439 4979 520 5047 steht,
536 4979 587 5035 wie
603 4974 775 5052 gewdhnlich
792 4974 845 5031 auf
858 4974 1098 5050 Sehwurbltttem,
1113 4980 1162 5036 der
1174 4979 1290 5054 Antang
1300 4980 1349 5038 dea
1357 4981 1551 5055 Evangeliumr
1562 4976 1635 5035 nm

254 5063 298 5118 nia
315 5063 460 5120 lateinieeh
477 5081 531 5119 von
548 5063 690 5119 derselben
708 5061 801 5130 Hand,
818 5060 864 5116 die
880 5061 931 5118 No.
953 5068 961 5115 1
983 5080 1009 5117 n.
1027 5068 1042 5118 2
1060 5062 1210 5131 abachrieb.

331 5151 347 5203 1
364 5149 527 5220 sinfflictter
543 5146 579 5200 ist
596 5163 640 5201 am
657 5146 754 5202 Raude
771 5144 985 5218 nachgetragen.
