3756 6158
248 429 307 493 488
329 389 331 393 '
742 429 793 478 Die
813 428 1031 491 philosophisohc
1048 427 1177 476 Facultat.

246 611 332 674 infra
348 608 489 673 medium
505 632 634 690 annum,
657 609 716 673 sub
738 632 842 696 poena
865 608 1000 695 periurii
1019 607 1070 671 vel
1093 607 1290 673 exclusionis
1312 607 1456 672 eiusdem
1476 607 1674 689 assumendi,

249 719 415 796 apportet,
438 708 490 772 vel
518 732 576 794 per
606 710 772 794 proprium
801 711 1033 789 iuramentum,
1063 710 1090 771 si
1119 708 1242 772 litteras
1265 709 1444 772 autenticas
1466 707 1591 773 babere
1612 730 1674 772 non

247 810 380 897 poterit3
402 818 433 871 et
450 807 531 871 duas
549 807 668 872 habeat
685 830 840 894 personas
855 805 1046 890 fidedignas,
1061 830 1143 894 quae
1166 807 1225 870 sub
1249 809 1316 871 suis
1338 809 1531 872 iuramentis
1553 807 1672 888 dicant,

247 908 343 972 talem
367 908 414 970 sic
435 907 664 972 assumendum
686 909 719 971 in
741 906 798 971 tali
819 905 925 992 gr'adu
945 928 1016 970 esse
1036 916 1227 991 promotum.
1277 906 1414 994 Insuper
1443 907 1557 972 iurare
1585 917 1671 971 tene-

203 1019 220 1071 5
248 1008 350 1088 bitur,
381 1005 467 1092 quod
496 1007 538 1070 sit
565 1005 721 1092 legittime
743 1015 856 1088 natus,
886 1004 1034 1070 similiter
1058 1006 1241 1071 iuramenta
1267 1014 1396 1071 nostros
1424 1007 1602 1090 magistros
1625 1029 1673 1071 re-

249 1106 435 1193 spiciencia,
457 1128 540 1193 quae
562 1117 749 1193 sequuntur.

286 1280 315 1338 5.
338 1289 548 1343 suascarrrs
567 1290 769 1336 marimum
789 1288 1003 1336 ranasnasrr
1025 1288 1198 1336 unarsrna
1218 1275 1460 1355 assuunnou's,
1483 1290 1631 1351 ouauno

578 1389 681 1435 pnmr
703 1387 940 1436 mcoaroasm
961 1387 1093 1436 aarum
1114 1387 1341 1436 racunrnrrs.

329 1503 423 1589 „Ego
453 1503 500 1566 .N.
532 1504 603 1568 iuro
632 1503 726 1568 vobis
755 1501 877 1567 decano
906 1512 938 1567 et
965 1504 1083 1568 vestris
1117 1502 1356 1568 successoribus
1388 1505 1616 1569 reverenciam
1643 1516 1673 1570 ct

206 1612 237 1667 to
247 1602 469 1667 obedienciam
490 1603 524 1666 in
542 1601 640 1666 licitis
662 1612 694 1666 et
713 1602 871 1685 honestis,
893 1613 924 1666 et
946 1624 1078 1668 servare
1099 1612 1219 1666 statuta
1242 1613 1274 1666 et
1300 1602 1473 1668 statuenda
1493 1626 1557 1691 pro
1577 1626 1672 1690 posse

245 1713 276 1767 et
297 1724 402 1784 nosse,
423 1711 453 1764 et
475 1723 651 1788 procurare
670 1700 789 1766 bonum
809 1701 982 1766 facultatis.
1026 1700 1082 1766 Sic
1102 1724 1154 1766 me
1177 1700 1255 1767 deus
1278 1702 1410 1768 adiuvet
1428 1712 1462 1767 et
1483 1713 1599 1768 sancta
1619 1703 1670 1768 dei

245 1800 444 1887 evangelia.“
670 1883 671 1887 Ἰ

329 1901 434 1983 „Item
456 1903 538 1984 iuro,
562 1900 648 1988 quod
668 1901 755 1965 infra
776 1899 971 1988 quindenam
991 1899 1089 1964 velim
1111 1900 1237 1965 solvere
1258 1900 1405 1966 facidtati
1428 1900 1511 1967 duos
1532 1901 1669 1968 florenos

244 2023 415 2081 renenses,
446 2011 478 2065 et
504 2023 602 2066 unum
633 1999 790 2063 florenum
818 2023 877 2086 pro
909 1999 988 2064 fisco
1011 1994 1246 2083 universitatis,
1268 2001 1332 2064 nisi
1359 2023 1380 2064 a
1403 2000 1560 2066 facultate
1592 2001 1668 2067 obti-

208 2110 346 2163 tonuero
370 2123 480 2162 eorum
502 2099 722 2163 dimissionem
744 2110 776 2162 ct
796 2098 987 2164 dilacionem
1010 2097 1053 2163 ad
1075 2099 1249 2163 terminum
1270 2099 1461 2185 longiorem.

327 2199 430 2280 „Item
450 2200 531 2280 iuro,
553 2196 639 2280 quod
661 2206 782 2262 statuta
804 2207 836 2262 et
857 2197 1036 2279 statuenda,
1057 2220 1141 2282 quae
1162 2209 1235 2262 sunt
1256 2222 1316 2285 pro
1341 2198 1425 2264 bono
1448 2202 1668 2266 universitatis

246 2309 278 2362 et
304 2297 468 2362 facultatis
499 2297 638 2377 arcium,
665 2296 761 2360 velim
789 2297 923 2362 firmiter
950 2298 1126 2362 observare
1153 2307 1184 2362 et
1212 2299 1298 2384 quod
1328 2299 1448 2364 bonum
1474 2299 1576 2364 buius
1604 2302 1666 2364 uni·

248 2397 412 2461 versitatis
442 2406 473 2460 et
503 2394 666 2461 facultatis
697 2399 838 2479 arcium,
868 2395 911 2461 ad
945 2418 1167 2484 quemcunque
1201 2407 1321 2463 statum
1348 2398 1541 2484 devenero,
1574 2398 1664 2463 velim

246 2518 432 2584 procurare.
1195 2551 1198 2556 .

204 2606 237 2660 20
328 2597 431 2680 „Item
453 2597 542 2678 iuro,
564 2593 650 2680 quod
672 2592 757 2658 dabo
778 2592 907 2660 famulis
930 2595 1152 2660 universitatis
1172 2596 1323 2661 adminus
1351 2620 1452 2663 unum
1480 2597 1661 2665 florenum.“

562 2730 642 2793 Post
661 2727 742 2793 haec
764 2728 860 2794 datur
880 2729 911 2793 ei
931 2727 1021 2794 locus
1042 2729 1128 2793 inter
1148 2730 1350 2814 magistros¹

441 2937 560 3011 XVII.
584 2943 724 3034 [Bran]
746 2963 997 3013 cnrrrunuu
1018 2962 1212 3012 oncruun
1234 2964 1464 3021 sarrrnun.

310 3112 477 3177 Statuta
499 3113 800 3177 concernencia
820 3110 1100 3176 baccalarium
1123 3113 1406 3178 assumendum
1434 3113 1484 3179 de
1516 3117 1604 3182 alia

451 3212 735 3277 universitate
756 3211 803 3276 ad
825 3212 1022 3297 gremium
1044 3222 1216 3276 nostrae
1233 3212 1460 3279 facultatis.

203 3370 236 3424 25
948 3367 975 3426 1.

329 3493 414 3573 Quia
434 3494 611 3559 baeealarii
631 3495 754 3559 arcium
776 3493 918 3559 scolares
939 3516 1010 3558 esse
1038 3504 1220 3577 censentur,
1242 3517 1308 3560 non
1335 3497 1532 3583 recipientes
1563 3499 1658 3564 emoli-

245 3603 353 3657 menta
379 3595 599 3658 universitatis
628 3592 685 3658 scd
714 3592 933 3658 substanciam
960 3616 1071 3658 corum
1093 3594 1197 3658 instar
1219 3606 1403 3661 nostrorum
1426 3601 1658 3684 suppositomrn

246 3703 489 3775 consumentes,
512 3695 625 3756 statuit
644 3705 676 3756 et
695 3692 859 3757 ordinavit
879 3692 1015 3757 facultas
1036 3694 1176 3776 arcium,
1200 3695 1287 3781 quod
1310 3694 1517 3762 baeealarius
1538 3698 1658 3763 alterius

245 3793 476 3875 universitatis,
499 3793 527 3856 si
548 3792 623 3856 talis
642 3793 747 3875 farerit,
769 3792 854 3876 quod
877 3794 910 3856 in
934 3792 998 3856 alia
1019 3793 1230 3857 universitate
1251 3795 1285 3858 in
1309 3804 1374 3860 toto
1397 3818 1459 3882 pro
1480 3799 1658 3884 magisterio

204 3892 473 3978 tocomplevcrit,
504 3903 616 3979 petens
638 3892 680 3956 ad
701 3893 946 3977 responsionem
967 3891 1094 3958 admitti
1116 3917 1155 3958 ac
1176 3894 1220 3958 ad
1238 3893 1425 3959 facultatem
1446 3907 1580 3963 nostrae
1601 3899 1660 3962 uni·

245 3993 409 4055 versitatis
432 3995 567 4073 assumi,
590 3990 721 4056 debebit
743 4003 774 4055 et
795 3991 957 4056 tenebitur
981 4013 1041 4077 pro
1069 3992 1183 4058 solatio
1212 3995 1442 4079 magistrorum
1471 3995 1511 4060 de
1533 3997 1659 4063 consilio

246 4089 451 4174 saepedictae
478 4090 641 4156 facultatis
671 4092 793 4157 arcium
825 4102 890 4155 tres
925 4091 1065 4155 florenos
1100 4115 1252 4157 renenscs
1288 4093 1366 4158 dare
1394 4094 1660 4183 effectualiterque

248 4188 448 4272 persolver03
472 4193 499 4254 si
520 4213 597 4256 vero
614 4190 688 4254 talis
703 4192 858 4273 extiterit,
873 4190 959 4276 quod
982 4193 1015 4254 in
1034 4190 1100 4255 alia
1123 4193 1333 4256 universitate
1356 4215 1474 4278 parurn
1496 4206 1554 4261 aut
1572 4195 1662 4262 nichil

245 4309 305 4372 pro
327 4291 513 4373 magisterio
543 4289 768 4376 compleverit,
800 4313 860 4376 pro
888 4290 1108 4376 praefatorum
1135 4293 1367 4377 magistrorum
1400 4293 1560 4361 solamine
1588 4295 1660 4361 duos

204 4385 385 4451 seflorenos
413 4410 565 4452 renenses
595 4412 667 4453 curn
697 4389 812 4453 effectu
842 4389 965 4471 solvat,
1003 4390 1174 4476 utrobique
1208 4395 1347 4479 pecunia
1381 4414 1441 4480 pro
1471 4395 1552 4459 fisco
1582 4403 1661 4459 ante

247 4485 353 4550 dictae
377 4486 542 4552 facultatis
571 4491 694 4553 arcium
717 4498 748 4552 et
770 4489 895 4574 signeto
918 4488 1028 4553 debita
1051 4512 1185 4577 semper
1208 4491 1318 4575 salva,
1348 4493 1412 4557 nisi
1441 4495 1549 4580 ipsius
1580 4515 1661 4559 assu

246 4585 355 4650 mendi
388 4587 521 4650 evidens
560 4587 706 4652 obstaret
739 4597 924 4675 paupertas.
981 4588 1139 4654 Dimissio
1175 4599 1282 4655 tamen
1315 4615 1371 4656 seu
1405 4594 1585 4658 minoracio
1613 4591 1660 4657 vel

247 4687 377 4749 taxacio
391 4685 576 4751 huiusmodi
592 4690 747 4773 pecuniae
762 4689 796 4751 in
813 4698 878 4752 toto
900 4686 951 4751 vel
973 4689 1007 4751 in
1027 4698 1120 4774 parte
1141 4713 1201 4777 pro
1224 4690 1378 4777 qualitate
1398 4714 1457 4756 seu
1480 4691 1660 4757 differencia

247 4784 445 4870 opulenciae,
467 4786 701 4850 mediocritatis
724 4787 791 4850 sive
812 4788 1016 4873 paupertatis
1038 4811 1167 4875 semper
1188 4788 1324 4855 arbitrio
1345 4789 1551 4876 praelibatae
1568 4791 1659 4857 facul·

207 4884 323 4947 40tatis
344 4885 468 4950 arcium
490 4885 598 4950 claudi
621 4885 716 4950 debet
741 4896 773 4950 et
793 4889 959 4951 contineri.

294 5104 304 5152 l
325 5098 379 5152 llit
396 5099 530 5155 kleinerer
548 5099 654 5156 Schrift
672 5099 862 5172 binzugefrigt.
