3756 6158
593 467 643 518 Die
661 467 780 519 Statutsu
800 482 862 518 rom
880 467 963 519 Jahre
983 466 1055 520 ¹543.
1471 462 1532 530 619

108 656 216 714 autem
236 648 461 729 existimarint,
484 671 519 714 se
541 652 671 715 mutatis
694 651 813 736 preciis
833 651 867 715 in
889 651 1056 715 taxatione
1078 646 1253 732 aliquando
1274 645 1409 733 gravari
1431 645 1527 733 phar·

108 749 307 835 macopolae,
328 747 472 814 indicent
493 748 555 814 hoc
575 751 608 813 in
631 751 778 815 semestri
802 772 928 837 quoque
954 760 1099 836 tempore
1121 749 1257 829 senatui,
1289 757 1322 810 ut
1350 744 1529 811 rationibus

109 850 253 936 ipsorum
273 858 400 914 mamre
421 847 618 913 consulatur.
660 848 844 914 Secundum
866 859 973 914 autern
995 850 1174 936 Lypsicam
1193 846 1395 911 taxationem
1417 866 1529 910 omnes

107 947 193 1014 aliae
212 949 396 1013 taxationes
417 948 452 1012 in
473 945 595 1013 ditione
617 949 774 1036 principis
795 950 899 1014 nostri
920 948 1130 1014 illustrissimi
1152 948 1397 1011 constituantur.

679 1166 726 1213 DE
747 1164 952 1214 susannem.

706 1284 816 1349 Caput
832 1286 945 1336 xxnn.

191 1413 340 1499 Denique
362 1439 461 1504 quum
483 1416 606 1502 passim
627 1416 874 1481 circumforanei
903 1416 1033 1504 quidam
1064 1437 1138 1480 cum
1164 1413 1308 1478 maximo
1337 1408 1533 1498 simplicium

109 1513 253 1603 periculo
275 1537 387 1580 curam
408 1514 558 1580 medendi
581 1514 642 1580 sibi
665 1515 847 1599 adsumant,
867 1539 972 1605 neque
993 1537 1070 1580 vero
1089 1535 1226 1600 usquam
1238 1510 1413 1576 didicerint
1425 1519 1527 1575 artem

113 1612 289 1695 medicam,
335 1623 368 1678 et
396 1623 504 1678 tamen
533 1613 655 1702 absque
683 1616 770 1680 omni
800 1616 982 1681 testimonio
1011 1614 1197 1680 doctoratus
1224 1609 1351 1676 titulum
1372 1610 1528 1692 iactitant,

109 1714 217 1778 visum
239 1722 288 1778 est
308 1735 363 1778 eos
384 1736 448 1778 non
467 1723 592 1778 tanturn
614 1738 655 1779 ex
676 1714 756 1779 urbe
775 1715 950 1802 Lypsiensi
970 1713 1028 1779 sed
1049 1715 1147 1778 ctiam
1170 1734 1210 1776 ex
1232 1712 1384 1776 universa
1405 1708 1527 1774 ditione
1543 1717 1575 1773 10

114 1813 272 1899 principis
296 1814 400 1878 nostri
422 1813 592 1900 expellere.
632 1814 850 1881 Constitutum
872 1824 920 1878 est
942 1816 1060 1900 itaque,
1082 1822 1117 1875 ut
1138 1810 1245 1875 nullus
1267 1810 1460 1896 empeiricus
1481 1807 1534 1873 hic

108 1910 159 1976 vel
191 1910 271 1976 alibi
297 1910 490 1976 medicinam
520 1911 695 1977 adhibendi
725 1934 860 2001 eamque
889 1911 1051 1978 vendendi
1082 1920 1273 1997 potestatem
1302 1909 1438 1990 habeat,
1470 1906 1534 1971 nisi

108 2012 198 2097 prius
221 2010 379 2077 decanum
397 2022 429 2076 et
452 2011 621 2077 consilium
646 2011 810 2077 facultatis
830 2021 886 2077 aut
907 2013 1067 2078 medicum
1094 2009 1181 2075 illius
1208 2009 1315 2090 urbis,
1346 2007 1402 2073 ubi
1430 2017 1533 2072 artem

114 2133 203 2175 suam
227 2132 382 2176 exercere
403 2110 481 2194 vult,
505 2111 603 2177 adeat
624 2120 656 2175 et
677 2113 805 2175 veniam
829 2111 980 2177 medendi
1002 2119 1239 2198 comprecetur,
1271 2110 1325 2194 qui
1355 2107 1472 2173 deinde
1493 2106 1534 2170 de

111 2231 148 2273 eo
169 2208 365 2274 constituant
387 2219 435 2293 et,
466 2212 493 2275 si
524 2222 625 2276 artem
648 2211 750 2297 ipsius
773 2210 992 2297 probaverint,
1014 2209 1204 2277 admittant:
1247 2209 1297 2272 sin
1324 2208 1533 2294 impostorem
1545 2214 1576 2270 1⁵

108 2305 328 2371 intellexerint
347 2330 428 2391 esse,
450 2309 646 2375 interdicant
667 2308 733 2390 illi,
765 2333 806 2374 ne
833 2309 885 2374 vel
914 2310 1124 2397 pharmacum
1154 2307 1254 2373 ullum
1275 2305 1397 2371 vendat
1417 2304 1469 2371 vel
1492 2304 1535 2370 ad

111 2428 227 2492 aegros
251 2405 400 2471 medendi
422 2432 477 2473 cos
501 2431 616 2474 caussa
635 2408 739 2473 adeat.
783 2409 878 2490 Quod
903 2412 930 2473 si
952 2431 1030 2475 vcro
1052 2407 1168 2495 aliquis
1190 2407 1270 2472 haec
1290 2404 1457 2492 negligens
1478 2413 1535 2468 aut

111 2506 166 2594 qui
190 2527 224 2570 se
247 2504 435 2572 doctoratus
456 2508 547 2573 titulo
577 2510 701 2574 iactitet
731 2531 791 2573 nec
819 2519 907 2574 certa
937 2509 1131 2573 documenta
1158 2508 1226 2571 sive
1255 2507 1441 2570 testimonia
1467 2505 1535 2568 eius

111 2605 158 2669 rei
182 2602 312 2685 habeat,
334 2604 574 2692 depraehensus
595 2610 700 2690 fuerit,
723 2611 756 2672 in
776 2631 847 2673 eum
870 2609 1081 2694 magistratus
1104 2629 1163 2694 pro
1186 2605 1369 2671 conditione
1391 2601 1534 2669 animad-

110 2712 237 2768 vertere
259 2702 364 2769 debet.
1540 2709 1575 2767 2⁰

438 3565 461 3614 5.
487 3564 768 3618 strenuissumus
793 3565 863 3618 ΑΗΒ
882 3567 1093 3619 nantarius
1118 3568 1201 3618 15551.

249 3726 294 3816 [S.
317 3727 359 3817 5.]
387 3748 424 3794 us
446 3747 580 3795 souma
603 3749 756 3797 saucias
778 3751 824 3797 ur
844 3750 1050 3798 mnwmusn
1075 3751 1274 3799 rumsrsms
1297 3748 1399 3796 ausu.

194 3879 288 3945 Auno
314 3886 392 3946 1555
414 3880 521 3966 prima
541 3879 615 3945 Iulii
636 3879 680 3966 (d.
702 3889 730 3948 1.
752 3881 832 3969 Juli)
853 3882 991 3947 faoidtas
1002 3882 1140 3966 medica,
1162 3905 1234 3948 cum
1247 3880 1531 3963 animadverteret,

113 3978 273 4065 quaedam
294 4002 375 4060 esse,
397 3978 438 4043 de
460 3978 575 4066 quibus
599 4003 696 4068 saepe
718 3980 874 4046 incideret
896 3980 1054 4048 dubitatio
1077 3995 1109 4047 et
1136 3983 1373 4063 controversia,
1401 4002 1440 4044 ne
1470 4001 1534 4067 qua

112 4080 240 4143 occasio
263 4079 416 4165 deinceps
437 4080 594 4144 maiorem
616 4082 726 4166 pariat
755 4080 1004 4163 dissensionem,
1033 4104 1068 4146 re
1097 4081 1269 4168 diligenter
1297 4079 1477 4145 deliberata
1503 4087 1577 4144 et25

113 4179 147 4241 in
169 4200 280 4243 omnes
302 4188 414 4264 partes
436 4200 591 4265 expensa,
614 4181 757 4244 unanimi
778 4202 935 4245 consensu
957 4180 1101 4245 decrevit
1121 4181 1211 4263 haec,
1238 4203 1320 4268 quae
1349 4189 1535 4266 sequuntur,

112 4278 146 4341 iu
168 4288 333 4364 posterum
355 4288 513 4364 perpetuo
535 4280 580 4343 ita
608 4302 678 4343 esse
705 4279 885 4360 servanda,
929 4288 963 4342 ut
991 4279 1069 4345 nulli
1096 4279 1194 4345 liccat
1220 4290 1334 4344 contra
1361 4301 1416 4357 ca,
1450 4298 1534 4366 quae

112 4374 209 4441 semel
244 4386 332 4442 recte
363 4379 538 4443 constituta
568 4389 651 4459 sunt,
684 4389 803 4442 temere
822 4388 878 4443 aut
898 4401 1025 4467 quoque
1048 4392 1144 4466 pacto
1166 4380 1289 4467 aliquid
1311 4377 1428 4459 moliri,
1450 4380 1533 4443 sicut

114 4475 147 4541 id
165 4477 319 4562 cuiusque
341 4480 478 4563 requirit
499 4479 689 4565 praestitum
710 4478 856 4543 facultati
877 4479 1103 4544 iuramentum.

811 4629 834 4693 l
1541 4635 1577 4694 30

195 4745 276 4810 Cum
299 4745 523 4809 controversia
545 4743 728 4810 oboriretur
751 4744 791 4810 dc
816 4744 978 4809 auditorio
999 4746 1159 4830 superiori
1181 4746 1309 4832 collegii
1328 4746 1437 4830 magni
1451 4745 1533 4810 inter

112 4842 280 4929 theologos
304 4853 336 4907 et
356 4842 509 4926 medicos,
532 4846 622 4909 cuius
643 4842 705 4908 loci
728 4847 888 4930 integrum
911 4845 960 4908 ius
979 4843 1028 4908 illi
1049 4843 1110 4908 sibi
1129 4844 1356 4927 vendicabant,
1377 4867 1436 4908 nos
1456 4865 1534 4909 vero

195 5046 206 5097 1
229 5042 289 5096 Ans
305 5041 368 5096 dem
386 5041 471 5094 Liber
487 5042 654 5095 maenam
672 5051 697 5095 et
714 5050 846 5099 artemon
882 5042 945 5113 Vgl
964 5041 1101 5097 Urlruudl
1121 5043 1237 5108 Quellen
1254 5042 1282 5100 S.
1300 5048 1358 5100 885.
1390 5043 1442 5098 Dic
1459 5042 1540 5098 stimi·

111 5123 196 5180 seben
214 5124 325 5194 Ziffern,
344 5124 395 5180 mit
412 5124 572 5181 Ausnshme
587 5127 636 5181 der
654 5133 753 5194 ersten,
771 5125 875 5182 riihren
894 5144 948 5181 von
964 5125 1016 5180 mir
1035 5125 1090 5180 her.
