3756 6158
255 457 315 524 530
738 453 789 509 na
811 452 1031 522 philosophische
1051 453 1180 509 Facultllr.

334 638 423 718 Quid
444 639 544 724 igitur
565 661 629 719 eos,
657 641 712 725 qui
732 637 853 704 vellent
873 640 1049 706 ascendere
1069 638 1154 703 hunc
1175 637 1314 725 gradum
1336 638 1506 725 dignitatis
1527 650 1560 703 θῖ
1581 661 1672 725 cupe

248 748 321 802 rent
340 740 488 823 magistri
509 737 667 802 bonarum
690 740 808 802 artium
834 740 995 826 appellari
1016 750 1048 804 et
1067 739 1148 820 fieri,
1177 761 1242 820 eos,
1272 740 1415 826 inquam,
1444 737 1524 824 quid
1551 740 1587 802 in
1610 740 1673 802 snis

246 837 362 901 studiis
394 847 563 923 praestare
593 832 658 924 [33]
687 859 882 925 servareque
911 847 1075 925 oporteret
1106 837 1149 902 ad
1180 860 1272 924 spem
1301 838 1540 924 progressionis
1571 836 1673 918 huius,

244 937 396 1021 ignorare
417 945 561 1000 vestrum
589 934 728 1023 aliquem
750 959 889 1024 aequum
913 961 978 1004 non
1005 947 1068 1020 est,
1097 960 1169 1001 cum
1198 937 1363 1024 descripta
1388 940 1474 1001 ratio
1501 935 1561 1001 illa
1590 947 1673 1000 extet

202 1043 219 1098 5
246 1044 277 1097 et
308 1033 439 1119 publica
467 1035 656 1100 recitatione
691 1056 818 1122 quoque
856 1059 941 1102 anno
980 1051 1093 1123 qnater
1122 1035 1355 1123 promulgetur,
1381 1035 1511 1121 quando
1541 1043 1574 1099 et
1602 1033 1672 1116 alia,

245 1154 329 1220 quae
361 1135 564 1220 propositum
598 1133 829 1221 consiliumque
857 1134 923 1200 tale
953 1134 1104 1218 deceant,
1139 1146 1291 1200 accurate
1322 1135 1490 1223 explicata
1524 1133 1672 1199 omnibus

245 1234 369 1317 pariter
391 1232 661 1298 demonstrantur.
703 1231 796 1296 Haec
817 1256 904 1298 nunc
927 1234 1058 1322 quidem
1078 1235 1253 1322 repetendo
1274 1235 1440 1319 inculcari,
1464 1233 1572 1299 denuo
1594 1256 1673 1321 opus

244 1342 396 1413 nonest,
421 1331 474 1396 vel
501 1331 572 1395 fieri
601 1333 709 1417 potius
738 1330 799 1396 hoc
819 1355 883 1398 non
906 1332 1017 1415 debet3
1047 1357 1124 1398 nam
1153 1336 1181 1399 si
1208 1337 1280 1421 quis
1308 1335 1435 1400 nescire
1463 1356 1498 1398 se
1526 1334 1672 1416 fateatur,

246 1441 398 1519 quantam
432 1429 604 1496 audaciam
636 1440 668 1494 et
698 1431 911 1496 temeritatem
949 1433 1063 1519 petitio
1099 1431 1185 1497 illius
1220 1433 1469 1521 complectatur,
1508 1436 1583 1522 quis
1613 1456 1672 1499 non

206 1541 238 1596 10
247 1529 362 1595 videt?
391 1530 500 1611 Quare
521 1528 747 1595 recordabitur
767 1532 990 1618 unusquisque
1012 1530 1228 1597 conditionum
1252 1543 1284 1598 θῖ
1302 1533 1420 1620 legum,
1443 1533 1564 1620 quibus
1584 1535 1672 1619 quasi

246 1631 432 1695 certaminis
461 1630 554 1694 istius
582 1627 698 1694 modus
728 1627 887 1711 definitur,
918 1641 950 1695 et
979 1631 1012 1694 in
1043 1629 1127 1694 hanc
1154 1629 1253 1695 veluti
1281 1654 1413 1696 arenam
1444 1655 1502 1697 suo
1532 1631 1672 1720 periculo

246 1752 281 1794 se
312 1751 382 1793 esse
416 1727 647 1793 descensurum
680 1727 845 1814 cogitabit.
887 1728 960 1793 Non
997 1730 1083 1793 enim
1115 1730 1216 1807 futuri
1247 1754 1356 1795 sumus
1387 1729 1592 1817 negligentes
1622 1742 1672 1796 ant

244 1830 372 1894 remissi
394 1829 428 1892 in
451 1829 491 1892 iis
513 1826 737 1909 observandis,
766 1848 850 1914 quae
872 1826 1026 1893 diuturna
1052 1828 1311 1894 consideratione
1339 1831 1583 1897 communitatis
1606 1849 1670 1895 sen·

244 1928 354 1992 tentiis
375 1937 452 1991 sunt
473 1928 658 1993 constituta.
1530 1932 1532 1937 ’

206 2054 237 2109 15
332 2043 413 2109 Cum
446 2053 555 2108 autem
589 2042 652 2107 duo
685 2044 749 2107 sint
781 2044 889 2130 capita
919 2041 1046 2107 illorum
1077 2043 1233 2126 omnium,
1262 2067 1360 2109 unum
1388 2044 1616 2112 assiduitatem
1643 2056 1672 2112 et

247 2142 393 2209 ordinem
416 2141 603 2223 studiorum,
632 2141 769 2207 alterum
794 2142 994 2207 honestatem
1022 2146 1111 2207 vitae
1140 2164 1179 2207 ac
1208 2165 1335 2208 morum
1364 2143 1563 2231 probitatem
1592 2168 1670 2211 com·

246 2240 399 2328 plectens,
429 2240 469 2306 de
501 2240 617 2306 studiis
637 2250 669 2305 et
690 2243 775 2305 nunc
803 2263 1044 2326 cognoscemus,
1074 2262 1157 2328 quae
1188 2243 1377 2328 poterimus,
1407 2252 1441 2308 et
1465 2266 1545 2310 mox
1572 2245 1669 2333 inqui·

247 2342 320 2405 sitio
342 2341 452 2405 futrrra
473 2349 522 2404 est
544 2338 657 2404 sedula
678 2350 710 2404 et
732 2350 864 2405 attenta.
906 2341 1093 2406 Meminisse
1121 2350 1227 2405 autem
1256 2343 1401 2428 potestis,
1429 2354 1519 2408 certe
1541 2343 1669 2427 debetis,

244 2441 344 2505 fuisse
373 2437 624 2525 frequentandas
655 2438 752 2505 horas
781 2438 932 2527 publicae
961 2439 1142 2521 doctrinae,
1175 2440 1291 2527 quibus
1320 2439 1529 2530 philosophia
1550 2443 1669 2509 Aristo·

203 2539 345 2604 20telica
366 2538 499 2604 docetm
521 2537 563 2602 ab
585 2539 705 2604 eximio
727 2540 910 2625 professore
931 2537 1016 2603 illius
1025 2541 1044 2620 ¹,
1066 2539 1206 2624 itemque
1225 2541 1392 2624 utriusque
1413 2539 1549 2627 linguae
1565 2545 1669 2630 optimi

247 2647 375 2703 autores
398 2647 599 2719 enarrantur,
627 2648 660 2702 et
685 2638 869 2724 explicatur
892 2638 1039 2703 doctrina
1064 2635 1236 2719 rhetorica,
1264 2638 1413 2726 physica,
1439 2640 1668 2707 mathematica

245 2737 298 2802 De
325 2737 376 2802 his
404 2737 503 2822 igitur
531 2759 616 2801 nunc
644 2759 851 2823 quaeremus,
879 2734 944 2824 [34]
972 2749 1007 2801 ut
1034 2758 1283 2822 cognoscamus,
1313 2761 1397 2826 quae
1424 2741 1668 2827 uniuscuiusque

247 2848 391 2902 vestrum
414 2834 578 2922 publicam
601 2835 781 2902 doctrinam
804 2835 1032 2922 frequentandi
1055 2836 1152 2899 fuerit
1173 2834 1364 2921 assiduitas3
1394 2839 1428 2902 in
1449 2837 1665 2926 disputationi·

246 2935 308 3001 bus
341 2937 438 3000 ctiam
475 2957 535 2999 nec
567 2958 632 2999 non
664 2934 835 2999 rhetoricis
870 2933 1158 3001 exercitationibus
1195 2935 1340 3021 nunquid
1373 2937 1481 3002 studio
1500 2960 1667 3026 uoperaque

204 3044 356 3100 25vestra
384 3035 434 3116 iis,
463 3055 545 3120 quae
567 3034 771 3120 praescripta
799 3043 888 3115 sunt,
919 3035 1118 3099 satisfactum
1147 3035 1203 3116 sit,
1232 3034 1494 3122 investigabitur.
1535 3036 1581 3104 Et
1600 3061 1666 3126 quo

246 3134 336 3199 niam
368 3134 401 3196 in
432 3131 483 3197 his
515 3130 665 3198 omnibus
696 3143 729 3196 et
764 3129 901 3218 singulis
934 3131 1157 3219 depraehensa
1193 3131 1392 3219 negligentia
1423 3137 1665 3223 uniuscuiusque

246 3242 464 3319 contemptum
494 3231 654 3317 quendam
675 3230 782 3295 iuditii
809 3253 848 3295 ac
876 3233 1054 3323 sententiae
1082 3231 1320 3297 communitatis
1348 3241 1481 3298 nostrae
1504 3234 1665 3323 complecti

247 3330 387 3412 videtur,
409 3330 486 3416 quid
509 3331 607 3394 statui
628 3328 669 3394 de
692 3352 730 3394 ca
752 3330 946 3416 decernique
968 3329 1094 3412 debeat,
1118 3329 1359 3395 deliberationis
1375 3340 1407 3396 et
1424 3332 1556 3400 arbitrii
1573 3336 1665 3400 nostri

246 3441 295 3496 est
317 3432 469 3495 futurum.

205 3557 238 3611 30
293 3607 297 3615 .
329 3546 383 3611 Ad
415 3547 613 3611 honestatem
644 3568 768 3610 morum
797 3546 946 3632 vitaeque
974 3545 1169 3632 probitatem
1199 3544 1284 3631 quod
1313 3549 1444 3631 attinet,
1477 3572 1544 3615 non
1572 3552 1665 3616 minor

248 3668 326 3709 cura
347 3647 409 3709 erit
434 3646 652 3731 inquisitionis
680 3654 810 3709 nostrae
838 3667 919 3709 neve
948 3643 1052 3710 levior
1073 3645 1323 3727 animadversio,
1352 3669 1417 3734 quo
1439 3650 1563 3714 scimus
1584 3648 1663 3734 flagi·

246 3747 364 3811 tiorum
390 3746 606 3831 vitiorumque
632 3743 775 3808 maculas
802 3765 873 3807 esse
901 3743 1069 3808 foediores.
1113 3742 1202 3822 Quid
1235 3756 1341 3808 autem
1371 3768 1454 3833 opus
1482 3760 1531 3813 est
1561 3748 1663 3812 horum

246 3867 367 3930 genera
389 3844 536 3922 referre?
559 3843 640 3908 Cum
665 3843 805 3907 dedecus
826 3855 857 3905 et
877 3842 1043 3928 turpitudo
1064 3844 1146 3929 ipsa,
1169 3845 1317 3930 quamvis
1331 3842 1404 3908 aliis
1421 3847 1546 3932 ignota,
1567 3859 1664 3912 tamen

247 3947 326 4028 eius,
356 3945 410 4030 qui
438 3943 582 4024 admisit,
612 3943 835 4007 conscienciae
857 3942 891 4005 in
914 3951 1098 4027 conspectu
1115 3942 1157 4006 sit
1179 3964 1315 4028 semper,
1345 3941 1460 4010 dehis
1483 3948 1582 4033 igitur
1602 3969 1662 4035 per·

203 4042 414 4130 35quirendis
436 4039 611 4128 peculiaris
632 4040 726 4108 labor
749 4042 951 4127 suscipietur.

331 4159 531 4224 Promittetis
553 4167 660 4221 autem
683 4167 758 4221 ante
780 4159 888 4221 omnia
908 4155 1117 4221 iurisiurandi
1146 4156 1301 4242 religione
1323 4181 1372 4240 ea,
1401 4183 1486 4248 qnae
1506 4164 1574 4226 ianr
1592 4162 1662 4227 reci·

246 4257 411 4340 tabuntur,
439 4280 477 4321 ac
504 4256 660 4342 cogitabit
687 4257 905 4342 unusquisque
933 4257 1041 4320 animo
1064 4278 1131 4337 suo,
1160 4255 1237 4341 quid
1263 4280 1340 4323 vere
1364 4256 1532 4326 affirmare
1560 4263 1662 4349 possit,

247 4359 506 4445 promissumque
527 4354 664 4420 fideliter
686 4352 827 4420 studebit
847 4363 1026 4441 praestare.

327 4555 347 4590 „
354 4506 447 4592 „Ego
470 4506 517 4571 .N.
539 4507 610 4570 iuro
632 4506 737 4569 etc““
759 4512 795 4568 ut
817 4525 917 4589 supra
939 4503 980 4568 de
1000 4503 1184 4571 baculariis.

201 4665 236 4720 40
327 4653 374 4743 [S.
395 4653 446 4743 35]
474 4654 567 4719 Haec
593 4663 627 4718 ut
648 4654 779 4718 recitari
801 4653 971 4717 audivistis
996 4665 1153 4741 concepta
1172 4651 1292 4735 verbis,
1322 4653 1371 4719 sic
1398 4678 1441 4720 ex
1472 4657 1572 4722 animi
1600 4679 1660 4723 sen·

244 4756 345 4819 tentia
373 4752 493 4841 singuli
519 4751 679 4836 iurabitis,
707 4751 741 4816 id
769 4762 832 4833 est,
860 4773 932 4817 esse
960 4751 1139 4838 legitimam
1168 4751 1313 4818 sobolem
1344 4777 1607 4846 unumquemque
1633 4767 1661 4820 et

242 4869 390 4919 eventum
410 4852 586 4942 petitionis,
613 4853 794 4938 quicunque
815 4853 844 4917 is
863 4852 977 4936 suerit,
1006 4873 1111 4939 aequo
1133 4851 1242 4915 animo
1265 4869 1300 4916 εθ
1321 4874 1395 4918 θεεθ
1416 4853 1571 4940 laturum,
1598 4857 1656 4921 sine

361 5117 416 5174 Die
432 5119 530 5174 Worte
545 5119 581 5172 ab
598 5117 697 5172 eximio
704 5191 708 5199 Ἴ
710 5120 874 5190 professore
889 5116 967 5172 illias
984 5116 1045 5171 sind
1063 5114 1162 5169 wieder
1180 5115 1400 5187 ausgestricheu.
