3756 6158
270 482 331 546 354
767 480 818 532 Die
836 480 1056 546 philosophtache
1072 479 1200 534 ruentes.

268 663 370 727 uariis
401 661 631 746 magistrorum
658 682 813 747 praecem
842 660 904 726 fuit
926 669 994 727 tam
1026 661 1092 743 diu,
1122 661 1225 728 donec
1255 662 1404 729 ιάιιιὶιιιιι
1424 664 1571 753 quinque
1590 669 1683 754 magi-

270 762 329 826 stri
351 758 592 845 arguebantsi
613 757 728 824 saltem
748 768 798 826 tot
816 757 863 824 ibi
883 759 1013 825 fuerunt
1030 761 1180 846 magistri
1201 764 1383 849 arguentes

402 931 431 996 8.
453 944 501 991 uu
522 944 669 1010 sarira,
691 943 965 1017 uaurrruursra
986 944 1032 992 ιι
1054 942 1207 994 norimus
1227 922 1555 997 rsouovmrnoama

830 1045 893 1108 vu.
908 1044 1055 1110 mupoar.
1072 1047 1114 1098 ro.

225 1171 241 1225 5
350 1161 432 1226 Item
452 1159 559 1225 nullus
581 1159 768 1226 admittatur
790 1157 833 1224 ad
858 1168 1056 1246 temptamen
1083 1183 1144 1248 pro
1171 1162 1277 1248 gradu
1304 1163 1497 1250 magisterii,
1527 1164 1593 1230 nisi
1617 1167 1681 1231 atti·

265 1261 351 1346 gerit
377 1282 496 1324 annum
522 1258 712 1325 vicesimum
739 1259 879 1347 primum
907 1266 940 1324 et
966 1258 1007 1324 de
1034 1258 1191 1346 legittimo
1211 1255 1363 1376 matri[38
1370 1257 1509 1348 ⁸]mcuio
1529 1270 1627 1329 natus
1646 1266 1682 1328 sit

265 1366 297 1424 et
322 1358 404 1425 alias
429 1342 573 1425 mombus
600 1356 867 1439 commendabilis
888 1359 1024 1441 existat,
1052 1358 1100 1424 sic
1121 1359 1243 1446 quod
1233 1382 1268 1424 ιιι
1288 1358 1375 1426 nullo
1396 1380 1535 1427 ιιιιιιιι
1554 1361 1681 1428 notabili

266 1467 298 1524 et
318 1459 445 1524 notorio
466 1440 686 1544 deprehensus
709 1454 825 1541 luerit,
850 1454 938 1542 quod
960 1455 1001 1522 de
1023 1456 1180 1543 quolibet
1188 1478 1344 1542 seorsum,
1372 1457 1498 1526 scilicet
1519 1458 1563 1527 de
1583 1470 1681 1528 aetate

263 1568 296 1624 et
323 1557 558 1646 legittimitate,
587 1566 662 1623 aute
689 1554 918 1622 admissionem
945 1552 989 1621 ad
1017 1563 1216 1643 temptamen
1242 1578 1303 1644 per
1328 1508 1486 1625 decanum
1515 1557 1680 1648 diligmtar

223 1658 456 1746 10inquiratur.
499 1655 589 1738 Quos
618 1657 721 1721 eciam
750 1665 783 1721 et
811 1652 986 1742 quemlibet
1013 1655 1047 1720 iri
1076 1654 1195 1744 aliquo,
1225 1666 1262 1722 ut
1291 1659 1522 1744 praemittitur,
1552 1680 1680 1726 excessu

261 1757 397 1824 notabili
418 1758 543 1823 notorio
572 1753 768 1843 culpabilem
796 1750 932 1842 quilibet
952 1755 1186 1841 magistrorum·
1205 1756 1311 1822 sciens
1331 1754 1550 1833 denuueciara
1577 1768 1611 1824 ιι
1626 1759 1678 1825 im

260 1857 373 1945 pedire
393 1865 500 1944 potest
522 1865 554 1935 et
573 1864 709 1921 tenetur.
740 1853 811 1921 Nee
831 1854 935 1920 eciam
954 1851 1030 1921 talia
1050 1854 1085 1921 in
1105 1864 1271 1941 posterum
1292 1854 1495 1945 admittatur,
1516 1856 1581 1923 nisi
1602 1857 1677 1924 adeo

259 1954 466 2023 laudabiliter
486 1963 519 2021 et
536 1955 679 2020 virtuose
704 1975 740 2018 se
767 1955 900 2037 rexerit,
922 1949 1016 2041 quod
1043 1974 1085 2018 ex
1111 1961 1276 2021 trausama
1296 1954 1442 2021 virtuosa
1462 1955 1533 2022 eiua
1553 1958 1622 2022 vita
1642 1956 1677 2022 de

260 2056 466 2144 subsequenti
493 2055 562 2123 eius
585 2053 836 2120 conversacione
861 2046 1022 2119 laudabili
1041 2063 1276 2140 praesumatur.
1317 2052 1363 2120 Et
1388 2052 1489 2121 talem
1512 2076 1676 2123 excusum

219 2167 251 2223 15
259 2156 398 2222 facultas
427 2156 556 2235 arcium
581 2152 711 2241 reputat
740 2150 916 2218 notabilem
945 2158 978 2216 ιι
1006 2151 1176 2236 rotomum,
1208 2152 1248 2219 de
1279 2174 1342 2241 quo
1371 2168 1432 2242 p'er
1461 2162 1627 2221 rectorem
1648 2168 1676 2220 et

258 2277 441 2323 assessores
460 2255 529 2320 eiua
549 2255 770 2320 incarceratus
789 2235 904 2334 fiterit
921 2248 975 2317 vel
1002 2251 1031 2317 si
1051 2202 1201 2339 publicula
1222 2251 1463 2319 meretricarius
1485 2252 1599 2339 fuerit,
1621 2249 1687 2341 sci?

260 2355 337 2422 licet
356 2352 473 2441 quod
463 2375 498 2419 ιιι
520 2352 614 2419 domo
633 2350 849 2417 habitacionis
869 2371 948 2417 suae
969 2347 1139 2435 mulierem
1166 2343 1350 2439 suspectam
1376 2346 1512 2438 publice·
1535 2355 1673 2436 tmuerit,

258 2454 310 2521 vel
338 2454 381 2520 ad
410 2450 578 2521 comodum
607 2449 726 2517 bursae
754 2472 832 2531 suae
857 2447 971 2516 talem
980 2428 1201 2516 introduxerit
1226 2459 1258 2516 ιι
1285 2446 1326 2515 de
1353 2448 1427 2527 hoc„
1441 2452 1610 2519 anricus
1629 2451 1672 2519 vd

258 2555 422 2621 coufessus
443 2550 497 2619 vel
522 2573 583 2639 per
603 2559 831 2617 conventuram
851 2556 986 2664 propter
1008 2546 1094 2614 hunc
1121 2557 1155 2615 et
1182 2546 1356 2638 quemlibet
1383 2547 1484 2617 alium
1512 2573 1671 2621 excessum

215 2653 300 2719 tude
320 2652 423 2720 bursa
443 2673 503 2719 aua
521 2649 676 2738 expulsus
702 2649 809 2733 buerit,
836 2644 928 2713 vel
918 2670 953 2713 m
979 2644 1160 2734 prostibulo
1188 2645 1241 2715 vel
1269 2657 1365 2715 extra
1390 2632 1523 2738 publice
1548 2673 1585 2718 se
1607 2672 1669 2741 per

256 2753 401 2836 eusserit,
427 2749 480 2818 vel
506 2750 563 2817 ibi
572 2748 761 2815 vulneratus
781 2768 824 2813 ex
842 2744 941 2835 eulpa
968 2767 1027 2812 sua
1048 2746 1146 2813 fuerit
1167 2755 1281 2835 captus
1301 2744 1355 2815 vol
1374 2746 1607 2839 deprehensus,
1625 2750 1668 2816 vd

256 2853 312 2940 qui
333 2850 376 2917 ad
396 2848 558 2918 taxillos
548 2870 583 2914 m
604 2848 747 2914 tabernis
766 2840 906 2962 publice
923 2842 1048 2929 luserit,
1073 2836 1128 2911 vel
1153 2843 1399 2917 baetiludium
1387 2870 1424 2915 m
1451 2847 1526 2917 foro
1550 2847 1666 2941 publius

255 2951 451 3034 exercuerit,
477 2946 530 3016 vel
558 2947 613 3036 qui
640 2945 785 3015 verbis
775 2945 941 3012 iniuriosis
969 2943 1110 3043 aliqauem
1134 2944 1364 3033 magistrorum
1391 2944 1525 3036 publice
1549 2948 1665 3017 laeserit

253 3049 337 3118 vel
326 3073 436 3138 ipsum
455 3049 609 3116 iniuriose
629 3045 841 3137 percusserit,
863 3043 916 3111 vel
942 3034 1062 3110 furtum
1083 3042 1136 3111 vel
1166 3043 1248 3111 alios
1276 3066 1441 3133 excessus,
1470 3069 1554 3136 quos
1581 3048 1662 3115 eomi-

212 3158 343 3216 maun
363 3149 499 3215 infamia
523 3147 575 3214 vel
600 3144 800 3228 scandalum,
827 3142 1024 3210 commiserit
1043 3141 1096 3211 vel
1116 3142 1364 3233 perpetraverit
1405 3142 1553 3229 Quorum
1570 3145 1660 3214 nulus

254 3251 367 3334 eciam,
395 3250 423 3316 si
443 3247 484 3313 de
505 3245 614 3335 aliquo
635 3193 875 3339 praedictdrum
896 3262 1087 3310 excessuum
1110 3251 1281 3333 suspectus
1300 3242 1353 3311 vel
1372 3245 1549 3314 infamatis
1568 3246 1658 3328 fuerit

254 3350 318 3415 nisi
338 3370 373 3413 se
395 3347 435 3414 de
454 3345 513 3413 tali
533 3348 706 3434 persuum
726 3343 943 3409 iuramentum
963 3343 1206 3432 expurgaverit,
1229 3342 1272 3410 ad
1292 3352 1501 3432 temptameu,
1528 3356 1565 3414 ut
1580 3366 1656 3435 prae·

252 3451 386 3515 missum
407 3457 465 3531 est,
487 3443 710 3533 aliquomodo
731 3440 930 3511 admittatur.

311 3619 339 3682 9.
363 3608 424 3702 [Bl.
446 3609 519 3700 ιιι]
542 3628 612 3691 Quo
634 3626 735 3676 uono
755 3624 1014 3675 raouovsuuus
1035 3625 1071 3673 ru
1092 3625 1240 3676 surmus
1260 3625 1425 3676 rasurus
1446 3627 1608 3707 ersusru

209 3724 244 3782 ιο
748 3723 869 3774 suasis
890 3724 957 3773 vnn
981 3723 1172 3773 contuens.

812 3826 874 3894 vgl.
888 3826 1040 3890 dlauptstat.
1058 3824 1099 3878 41.

331 3948 412 4014 Item
433 3944 540 4012 nullus
561 3940 749 4010 admittatur
777 3940 819 4006 ad
845 3949 1043 4029 temptamen
1069 3939 1373 4028 magistrandorum‚
1400 3940 1468 4008 nisi
1492 3940 1537 4010 ad
1560 3944 1643 4010 ιιίιιι

251 4071 310 4136 per
332 4069 451 4112 annum
471 4046 632 4131 integrum
654 4042 688 4107 iu
707 4039 808 4107 bursa
828 4039 882 4105 vel
902 4038 1037 4128 collegio
1058 4038 1214 4123 steterit,
1219 4040 1282 4104 nisi
1303 4038 1389 4106 tilius
1409 4041 1551 4110 civitatis
1569 4042 1644 4109 lueri

250 4146 302 4212 vel
322 4147 404 4212 alias
426 4144 508 4212 adeo
527 4140 719 4208 habundans
739 4138 793 4205 vel
813 4137 965 4210 notabilis
985 4139 1092 4223 fuerit,
1113 4138 1200 4226 quod
1222 4137 1351 4205 domum
1370 4142 1539 4229 propriam
1556 4151 1642 4209 tenere
1693 4158 1700 4182 ·

208 4255 241 4311 ³5
252 4256 284 4311 ιι
304 4268 466 4334 expensas
486 4243 638 4332 proprias
659 4263 724 4309 una
743 4261 816 4305 cum
837 4239 993 4326 magistro
1007 4238 1059 4305 vel
1078 4239 1287 4305 informatura
1308 4240 1438 4328 poterit,
1457 4240 1510 4310 vel
1528 4261 1641 4330 pauper

250 4356 316 4411 tate
344 4354 543 4432 gravatuss
528 4339 698 4408 serviendo
727 4338 808 4406 alibi
834 4359 996 4425 expensas
1023 4337 1058 4402 in
1083 4347 1151 4404 tcto
1177 4334 1230 4403 vel
1257 4360 1321 4453 pro
1349 4337 1523 4408 medietate
1547 4339 1640 4432 poterit

246 4445 367 4512 habere
394 4444 505 4559 gratia
545 4440 598 4506 De
618 4461 682 4527 quo
703 4437 800 4504 fidem
822 4435 970 4504 facultati
994 4434 1056 4503 sub
1078 4459 1138 4502 sua
1158 4438 1361 4504 consciencia
1387 4461 1447 4527 per
1468 4440 1548 4509 duos
1572 4441 1638 4508 vioe

246 4545 400 4634 ydoneos,
418 4544 474 4631 qui
495 4540 658 4608 credant
648 4551 696 4607 ιιι
713 4540 792 4622 fore,
811 4538 919 4605 boore
938 4534 1112 4624 obligatur.

351 4719 397 4780 ιθ.
417 4726 465 4779 ua
485 4724 600 4778 rosus
620 4719 891 4774 ιιοιιιιιιιοιιιιι
910 4717 1178 4770 numerosus
1197 4717 1244 4767 ιιι
1263 4718 1312 4769 ιι
1331 4719 1549 4775 assumam

204 4820 238 4878 ιο
760 4819 975 4872 ιιοιιιιιιιι
993 4818 1133 4891 manure

803 4923 865 4989 Vql.
884 4914 1031 4987 ntupum.
1050 4920 1110 4974 ld·

325 5044 408 5111 Item
424 5042 531 5124 nulus
552 5041 684 5109 accione
704 5039 757 5105 vel
776 5038 913 5122 ulcione,
940 5058 1000 5124 per
1021 5057 1056 5102 ιι
1076 5033 1129 5102 vel
1151 5030 1338 5137 paralium,
1364 5034 1487 5105 directa
1504 5036 1552 5106 vol
1567 5028 1627 5101 iudi·

244 5153 341 5228 reete,
359 5143 526 5210 verbovel
545 5142 630 5209 facto
643 5138 696 5207 vel
716 5160 907 5229 quocunque
927 5135 992 5206 alio
1011 5133 1108 5204 modo
1125 5133 1263 5222 impetat
1279 5133 1333 5204 vel
1352 5135 1500 5206 molestet
1516 5135 1625 5224 aliqw
