3756 6158
247 463 308 523 254
815 454 871 504 Das
888 453 977 504 kleins
995 452 1100 518 colleg.

249 659 345 726 qnam
373 633 580 699 exactissime
610 634 797 698 scrutinium
825 632 990 700 habeatur.
1031 634 1109 700 Mox
1137 636 1184 700 sic
1212 633 1255 698 ad
1282 632 1469 699 electionem
1494 632 1664 699 solenniter

250 736 468 824 perveniatur,
490 743 534 814 ut,
558 732 633 797 dato
663 733 755 818 signo
777 734 989 818 campanulae
1010 743 1043 799 et
1062 733 1234 821 implorato
1256 731 1367 797 divino
1388 731 1522 816 auxilio,
1548 732 1665 818 singuli

249 834 391 919 collegae
425 832 468 897 ad
506 854 620 896 manus
657 833 850 917 praepositi,
889 835 960 920 ipss
988 829 1045 920 [2]
1076 833 1118 898 ad
1154 834 1289 898 senioris
1322 841 1433 897 sancte
1467 834 1665 919 promittant,

245 952 503 1019 unumquemque
532 952 657 995 summa
686 930 760 1014 fide,
790 932 858 996 sine
886 931 999 996 fraude
1028 942 1059 996 et
1086 931 1170 1015 dolo,
1202 931 1312 997 sedulo
1339 930 1373 995 id
1400 932 1563 996 facturum
1588 954 1665 1012 esse,

206 1045 222 1099 5
249 1055 310 1121 quo
334 1030 432 1096 talem
454 1029 608 1116 deligant,
639 1031 694 1118 qui
721 1053 834 1095 amans
856 1030 899 1095 sit
919 1054 1017 1096 verae
1044 1033 1174 1118 pietatis
1202 1041 1234 1096 et
1254 1053 1356 1117 purae
1384 1029 1552 1096 doctrinae
1573 1053 1666 1096 evan·

248 1133 334 1219 gelii,
364 1131 456 1217 pacis
483 1139 514 1194 et
535 1128 728 1194 concordiae
750 1129 924 1212 studiosus,
950 1131 1068 1218 quique
1090 1130 1225 1216 collegio
1252 1139 1452 1213 ornamento,
1482 1129 1666 1195 academiae

246 1232 360 1298 honori
384 1251 454 1294 esse
482 1231 595 1315 possit.
637 1228 738 1315 Inque
766 1227 921 1294 electione
946 1229 1000 1294 hic
1023 1239 1073 1294 est
1093 1228 1315 1295 observandus
1336 1229 1425 1313 ordo,
1450 1237 1488 1294 ut
1507 1231 1667 1316 imprimis

247 1332 451 1396 emeritorum
470 1326 629 1391 habeatur
649 1329 743 1410 ratio,
765 1327 882 1393 deinde
902 1351 1022 1412 eorum,
1044 1326 1099 1416 qui
1120 1327 1308 1394 academiae
1328 1330 1482 1413 serviant,
1503 1328 1616 1394 ultimo
1637 1339 1668 1393 et

245 1430 376 1512 horum,
405 1425 588 1512 dequibus
615 1425 787 1512 praeclara
815 1450 889 1514 spes
918 1429 975 1511 sit,
1005 1428 1090 1516 qnod
1119 1426 1294 1514 aliquando
1320 1427 1415 1494 utiles
1442 1450 1479 1493 se
1508 1427 1667 1515 praebere

207 1541 238 1596 10
248 1529 363 1596 studiis
384 1525 623 1592 adolescentiae
650 1523 787 1612 legendo
807 1526 860 1591 vel
886 1526 1030 1594 docendo
1052 1528 1185 1614 possint
1226 1527 1267 1593 In
1288 1525 1532 1610 dicendisvero
1555 1527 1666 1593 suffra

246 1630 308 1716 giis
341 1625 419 1693 ordo
452 1625 533 1691 senii
568 1627 694 1689 servari
727 1623 831 1691 debet
870 1624 1079 1714 Praepositus
1112 1649 1190 1710 vero
1224 1625 1399 1691 secundum
1429 1625 1666 1692 multitudinem

246 1714 473 1812 suffragiorum
494 1722 674 1789 concludat
702 1721 761 1790 Sin
781 1725 1028 1812 suffragantium
1043 1735 1119 1791 vota
1140 1726 1204 1791 sint
1223 1727 1327 1812 paria,
1348 1727 1469 1813 poterit
1487 1722 1666 1813 ciricunque

244 1826 382 1916 voluerit
401 1820 487 1910 parti
509 1821 728 1889 concludendo
752 1825 940 1890 consentire.

580 1984 625 2077 [S.
638 1985 670 2076 3]
692 2007 739 2054 nn
760 2006 1016 2057 rnnmcnmcnn
1037 2006 1123 2057 novi
1143 1979 1335 2058 contusae.

204 2137 236 2192 15
831 2125 995 2176 Ststntum
1011 2127 1052 2179 11.

331 2237 506 2306 Celebrate
526 2236 680 2304 electione
702 2238 831 2304 curabit
850 2262 927 2305 mox
947 2244 1153 2328 praepositus
1175 2262 1234 2327 per
1249 2237 1414 2327 publicum
1428 2238 1559 2327 collegii
1576 2241 1663 2305 mini·

247 2350 359 2422 strum,
385 2347 422 2403 ut
442 2335 543 2402 electo
564 2335 713 2404 voluntas
736 2337 865 2426 collegii
887 2339 927 2405 de
947 2344 1020 2427 ipso
1041 2340 1262 2423 denuncietur,
1289 2361 1329 2404 ee
1353 2337 1485 2426 quidem
1506 2339 1662 2427 significa·

247 2442 345 2520 tione,
371 2447 416 2519 ut,
443 2435 522 2523 quid
548 2458 630 2523 opus
659 2439 702 2503 sit
724 2439 760 2503 in
787 2461 826 2504 es
847 2461 893 2522 re,
920 2441 991 2526 ipse
1011 2461 1052 2505 ex
1074 2440 1262 2527 praeposito
1290 2449 1479 2525 cognoscat,
1508 2440 1566 2527 qui
1592 2448 1662 2504 bino

248 2539 349 2605 electo
366 2534 510 2622 collegae
530 2546 598 2601 tam
619 2546 742 2603 sumtus
763 2548 796 2603 et
816 2561 925 2621 onera,
950 2561 1032 2626 quae
1050 2539 1136 2604 ferre
1157 2547 1302 2624 cogatur,
1329 2560 1425 2624 quam
1445 2537 1661 2604 commodae

205 2636 472 2717 wemolumenta,
499 2657 582 2722 quae
603 2658 644 2701 ex
664 2637 905 2704 accessionibus
926 2636 1055 2724 collegii
1074 2637 1208 2720 babeat,
1238 2659 1336 2724 quam
1358 2635 1606 2724 diligentissime
1624 2658 1659 2703 ex

246 2737 375 2804 statutis
401 2734 558 2800 ostendat
603 2734 704 2801 Suum
733 2745 839 2802 autem
867 2735 987 2802 electus
1015 2738 1156 2803 animum
1184 2736 1269 2801 infra
1298 2735 1463 2802 octiduum
1489 2735 1660 2803 declarabit

245 2835 442 2924 praeposito.
975 2868 979 2882 =

592 2949 638 3035 [S.
660 2948 691 3038 4]
713 2969 761 3018 nn
779 2966 998 3017 assnnrronn
1018 2968 1104 3017 uovr
1125 2967 1317 3018 concnam.

829 3087 991 3138 Ststntnm
1008 3087 1066 3137 111.

205 3213 238 3268 25
330 3199 456 3266 Octavo
478 3198 531 3264 die
551 3222 570 3264 a
591 3209 736 3287 tempore
760 3199 925 3266 electionis
952 3201 1157 3288 praepositus
1186 3199 1398 3288 congregabit
1424 3198 1608 3286 collegium,
1632 3209 1661 3263 ut

248 3308 423 3386 cognoscat
446 3297 539 3364 electi
563 3301 714 3382 animum,
741 3301 795 3386 qui
823 3304 850 3364 si
872 3298 1114 3386 collegiaturam
1134 3294 1304 3386 receperit,
1330 3302 1548 3364 iuramentum
1569 3297 1661 3363 fideli·

246 3405 322 3464 tatis
344 3420 479 3483 sequens
500 3397 689 3483 praestabit,
710 3400 803 3486 eique
825 3408 947 3464 statuta
967 3398 1093 3485 collegii
1112 3398 1153 3463 de
1173 3399 1330 3463 sumtibus
1345 3410 1376 3463 et
1390 3397 1544 3463 oneribus
1561 3395 1661 3462 simul-

248 3523 310 3588 que
332 3496 509 3563 commodis
536 3507 567 3561 et
596 3497 817 3563 emolumentis
846 3497 1075 3566 recitabuntur.
1118 3498 1175 3563 Sin
1203 3509 1310 3563 autem
1337 3500 1549 3580 recusaverit,
1576 3495 1660 3562 colle

246 3603 333 3686 gium
355 3599 464 3662 statim
485 3597 528 3662 ad
549 3620 666 3664 novam
687 3597 874 3664 electionem
894 3596 1022 3664 redibit.

204 3775 238 3831 30
623 3759 668 3850 [S.
688 3756 973 3851 ol'mafflnrun
992 3778 1076 3829 novi
1098 3780 1290 3830 conannas.
1337 3824 1339 3830 .

816 3899 983 3949 statutum
1009 3899 1085 3951 1111.

328 4011 374 4101 [S.
386 4009 417 4100 6]
441 4013 534 4100 „Ego
556 4013 603 4078 .N.
625 4015 706 4095 iuro,
728 4014 834 4100 primo
847 4012 951 4095 vobis,
974 4016 1160 4100 praeposito
1181 4000 1275 4078 huius
1296 4014 1383 4096 anni,
1403 4013 1588 4099 vestrisque
1600 4034 1663 4077 suc·

247 4113 429 4179 sessoribus
456 4135 508 4177 me
533 4113 567 4176 in
589 4112 737 4178 omnibus
760 4113 857 4177 rebus
884 4111 1036 4198 legitimis
1060 4120 1092 4177 et
1112 4111 1253 4176 honestis
1276 4111 1418 4176 debitam
1444 4114 1663 4198 morigeratio·

246 4236 317 4277 nem
340 4213 570 4299 praestiturum
590 4235 669 4278 esse.
709 4210 874 4295 Secundo,
899 4211 985 4297 quod
1014 4212 1133 4277 seniori
1163 4221 1195 4276 et
1221 4210 1414 4276 electoribus
1440 4212 1522 4276 meis
1551 4213 1663 4277 iustam

205 4313 460 4380 abreverentiam
488 4310 642 4376 exhibere
662 4311 769 4376 velim.
812 4311 922 4375 Tertio
946 4320 1075 4392 statuta,
1105 4334 1187 4398 quae
1208 4310 1340 4375 condita
1365 4319 1440 4374 sunt
1466 4319 1499 4375 et
1526 4312 1664 4399 legitime

247 4410 433 4493 condentur,
469 4409 579 4485 sedulo
600 4420 633 4474 et
661 4409 799 4475 fideliter
828 4431 880 4475 me
908 4419 1110 4475 servaturum
1140 4432 1217 4475 esse.
1262 4408 1398 4492 Quarto,
1426 4411 1514 4497 quod
1545 4420 1664 4478 secreta

249 4509 376 4596 collegii
397 4509 477 4574 nulli
497 4510 743 4593 communicare,
765 4508 935 4575 commoda
955 4508 1082 4595 collegii
1104 4508 1269 4592 adiuvare,
1290 4508 1498 4575 incommoda
1521 4521 1662 4577 avertere

247 4613 333 4675 omni
358 4619 504 4697 tempore
529 4609 678 4695 omnique
706 4619 792 4674 statu
811 4610 899 4674 vitae
922 4607 1092 4694 diligenter
1112 4608 1218 4673 velim.
1253 4607 1375 4674 Ultimo
1397 4609 1560 4694 iniuriam,
1588 4608 1661 4675 mibi

245 4708 297 4774 vel
319 4709 480 4774 verbovel
501 4710 587 4773 facto
609 4721 665 4773 aut
685 4711 799 4796 quovis
822 4708 885 4773 alio
906 4709 1043 4774 modos
1064 4707 1188 4794 collega
1207 4708 1341 4791 illatam,
1360 4728 1413 4773 me
1434 4709 1583 4776 consulto
1601 4732 1661 4774 non

206 4817 319 4872 toesse
338 4809 576 4875 vindicaturum
598 4808 655 4873 sed
685 4830 783 4894 super
804 4807 860 4873 illa
888 4807 1045 4873 auxilium
1073 4805 1201 4893 collegii
1229 4807 1477 4894 imploraturum
1497 4831 1578 4876 esse.
1615 4809 1660 4873 Si·

249 4927 311 4992 que
332 4907 440 4995 aliqua
462 4908 683 4973 controversia
706 4909 864 4972 interme
890 4916 925 4972 et
951 4905 1107 4992 collegam
1133 4915 1248 4972 exorta
1274 4908 1384 4990 merit,
1411 4909 1446 4972 in
1473 4929 1514 4974 ea
1541 4929 1659 4994 comps

247 5005 353 5071 nenda
375 5003 418 5094 [7]
438 5030 489 5073 me
512 5007 678 5072 dictamini
699 5008 830 5072 maioris
852 5008 955 5094 partis
978 5006 1179 5072 dominorum
1201 5016 1289 5072 stare
1310 5005 1403 5071 velle.
1435 5007 1492 5072 Sic
1512 5031 1564 5074 me
1586 5007 1656 5071 deus

247 5105 377 5174 adiuvet
404 5116 436 5171 et
462 5117 607 5172 sanctum
636 5106 722 5175 illius
752 5106 986 5194 evangelium.“
1024 5109 1211 5190 (Hisroatsr
1234 5110 1371 5171 etratus
1390 5131 1442 5171 aaa
1462 5113 1578 5173 Kreaae
1602 5110 1656 5167 aad
