3756 6158
271 487 333 551 564
788 483 839 532 Dia
859 480 1045 546 theologiseho
1062 482 1189 532 Facultitt.

274 676 331 747 est,
353 663 440 752 quod
463 663 503 728 de
525 674 642 744 cetero,
664 665 718 752 qui
741 666 775 728 in
796 661 861 728 alia
883 663 1094 727 universitate
1118 670 1254 749 quatuor
1274 661 1376 726 libros
1400 662 1642 725 sentenciarum
1656 658 1698 724 le

274 764 389 850 gendo,
414 763 580 846 arguendo
603 773 634 827 et
656 762 892 848 respondendo,
914 760 1041 849 aliaque
1063 763 1172 826 omnia
1194 762 1237 826 ad
1258 762 1396 826 formam
1422 782 1484 846 pro
1498 759 1636 824 licencia
1657 758 1700 822 ad

274 864 475 929 doctoratum
498 861 654 949 legittime
676 861 887 948 recipiendo¹
912 872 1077 948 promotus
1105 863 1166 943 sit,
1188 860 1329 948 velitque
1351 860 1454 945 recipi
1476 858 1520 922 ad
1540 861 1698 943 gremium

273 962 436 1026 facultatis
459 961 659 1048 theologicae
681 970 713 1026 et
734 961 838 1026 locum
862 957 949 1046 [24¹³]
972 960 1132 1024 obtinere:
1163 962 1191 1024 si
1224 961 1278 1025 hic
1305 982 1365 1024 nec
1392 981 1524 1024 cursum
1545 978 1607 1020 nec
1629 979 1697 1020 sen-

232 1071 248 1125 5
274 1062 396 1125 tencias
417 1060 541 1146 legerit,
563 1059 659 1125 debet
679 1060 757 1124 dare
780 1060 929 1124 adminus
952 1060 1086 1144 triginta
1107 1057 1246 1125 florenos
1261 1062 1282 1142 ²,
1301 1059 1382 1125 duos
1403 1058 1547 1122 florenos
1568 1055 1698 1120 famulis

275 1170 306 1224 et
327 1159 500 1245 prandium
521 1159 724 1240 doctoribus3
768 1160 795 1222 si
817 1182 894 1224 vero
915 1158 967 1222 hic
991 1180 1120 1222 cursum
1141 1160 1211 1223 sine
1238 1161 1410 1224 sentenciis
1431 1156 1569 1241 legerit,
1595 1154 1699 1219 solvat

275 1260 391 1344 viginti
413 1261 553 1346 quinque
575 1258 713 1323 florenos
736 1268 767 1322 et
788 1281 886 1322 unum
907 1258 1065 1322 florenum
1084 1257 1212 1322 famulis
1244 1268 1276 1322 et
1297 1256 1485 1324 doctoribus
1507 1253 1698 1342 prandium

275 1360 402 1422 sivero
425 1360 605 1422 sentencias
633 1358 686 1421 hic
714 1357 843 1443 legerit,
877 1357 982 1421 solvat
1013 1357 1134 1442 viginti
1156 1357 1191 1421 fl.
1217 1368 1249 1422 et
1270 1380 1368 1422 unum
1388 1356 1547 1420 florenum
1570 1353 1698 1417 famulis

276 1457 514 1545 prandiumque
534 1456 730 1521 doctoribus.
769 1456 901 1520 Debent
920 1458 1023 1519 eciam
1044 1456 1135 1539 tales,
1165 1458 1355 1544 priusquam
1384 1455 1428 1520 ad
1456 1453 1628 1519 consilium
1654 1453 1698 1516 fa·

239 1567 269 1621 10
279 1557 409 1620 cultatis
431 1558 640 1642 recipiantur,
661 1578 721 1642 pro
744 1554 964 1642 complecione
985 1555 1114 1641 publice
1136 1568 1274 1642 quatuor
1295 1578 1397 1620 annos
1419 1553 1602 1618 inlectorio
1614 1552 1697 1617 theo

276 1655 424 1741 logorum
446 1655 563 1741 legere,
585 1654 667 1719 alias
689 1655 731 1718 ad
754 1654 920 1719 consilium
942 1678 1007 1719 non
1028 1657 1239 1742 recipiantur.
1281 1655 1346 1736 Qui
1367 1678 1445 1718 vero
1466 1657 1499 1717 in
1523 1653 1614 1717 nulla
1633 1656 1698 1717 uni-

277 1756 430 1819 versitate
450 1763 616 1841 promotus
639 1756 695 1834 sit,
727 1775 830 1838 neque
856 1753 909 1818 hic
926 1776 1029 1838 neque
1051 1756 1085 1818 in
1106 1753 1240 1841 aliqua³
1272 1755 1483 1819 universitate
1506 1754 1698 1833 sentencias,

280 1863 315 1917 ut
335 1856 563 1939 praemittitur,
585 1852 710 1938 legerit,
732 1875 836 1939 neque
858 1852 902 1916 ad
922 1853 1027 1918 locmu
1053 1856 1139 1918 inter
1159 1853 1308 1919 doctores
1337 1874 1441 1937 neque
1470 1852 1512 1916 ad
1541 1853 1699 1937 gremium

278 1951 445 2017 doctorum
467 1952 647 2038 theologiae
666 1952 825 2016 ullatenus
847 1953 1032 2039 recipiatiu.

241 2127 270 2180 15
365 2124 415 2185 48.
435 2118 561 2182 Habita
582 2120 715 2203 insuper
736 2117 833 2204 plena
854 2119 1020 2183 doctorum
1043 2120 1281 2183 convocacioue
1301 2139 1360 2203 pro
1385 2117 1566 2204 superioris
1593 2116 1700 2179 statuti

279 2216 512 2300 declaracione,
533 2218 594 2281 fuit
614 2216 808 2299 conclusum,
832 2217 919 2304 quod
942 2216 1147 2303 recipiendus
1171 2216 1289 2281 debeat
1309 2218 1416 2303 recipi
1438 2215 1481 2280 ad
1499 2212 1586 2301 [25⁸]
1600 2216 1701 2280 instar

280 2316 538 2401 recipiendorum
557 2315 695 2380 aliarum
716 2316 914 2399 facultatum,
935 2319 981 2380 ita
1003 2315 1105 2403 quod,
1134 2314 1191 2380 ubi
1220 2326 1316 2380 antea
1342 2318 1378 2380 in
1405 2316 1470 2380 hac
1491 2316 1700 2379 universitate

281 2413 380 2478 nichil
401 2438 461 2502 pro
482 2415 661 2501 theologico
683 2415 789 2500 gradu
809 2415 1028 2502 compleverit,
1051 2413 1168 2479 debeat
1190 2414 1233 2479 ad
1253 2417 1358 2480 minus
1380 2437 1440 2501 per
1461 2416 1627 2500 integrum
1647 2437 1701 2478 an·

280 2536 356 2577 num
384 2512 437 2578 hic
462 2517 604 2597 stetisse3
646 2512 702 2577 ubi
728 2536 807 2578 vero
835 2514 959 2600 aliquid
989 2513 1199 2599 compleverit
1232 2537 1291 2600 per
1319 2513 1461 2578 medium
1490 2536 1629 2596 annum,
1657 2515 1701 2577 sic

239 2612 371 2698 toquod
392 2614 426 2677 in
448 2613 555 2700 aliquo
576 2613 733 2678 librorum
756 2613 818 2678 sibi
839 2637 859 2677 a
879 2612 1032 2678 facultate
1056 2614 1294 2699 assignatormu
1317 2613 1482 2678 ordinarie
1504 2612 1604 2698 legat,
1627 2612 1701 2676 hinc

282 2734 341 2798 pro
363 2711 433 2777 loco
457 2712 653 2799 respondeat
676 2713 794 2800 detque
814 2736 878 2777 non
899 2712 1001 2777 solum
1017 2711 1210 2786 ¹doctoribus
1231 2712 1288 2777 sed
1317 2722 1348 2778 et
1369 2711 1585 2797 arguentibus
1608 2734 1700 2800 pran-

282 2812 380 2894 dium,
401 2811 568 2900 solvatque
589 2823 719 2899 praeter
739 2835 914 2894 summam,
943 2812 978 2875 in
1007 2813 1168 2898 superiori
1193 2822 1313 2878 statuto
1341 2834 1543 2897 expressam,
1566 2811 1700 2876 doctori·

281 2911 343 2976 bus
364 2910 508 2975 debitam
531 2922 562 2976 et
582 2912 625 2976 ad
646 2911 760 2975 fiscum
780 2911 942 2975 facultatis
964 2910 1013 2993 id,
1044 2910 1131 2998 quod
1156 2912 1246 2998 prius
1268 2911 1312 2976 ad
1331 2911 1445 2977 fiscum
1467 2934 1534 2976 non
1559 2910 1699 2992 solverit,

283 3020 398 3096 utputa
410 3013 432 3093 ⁴,
454 3013 482 3075 si
503 3021 599 3075 antea
621 2994 699 3075 fisco
721 3009 821 3075 nichil
842 3010 984 3093 solverit,
1007 3020 1146 3096 protunc
1167 3010 1273 3075 solvat
1294 3010 1442 3075 undecim
1466 3009 1628 3092 florenos;
1647 3009 1699 3074 ubi

240 3119 272 3175 25
285 3134 362 3175 vero
384 3133 444 3196 pro
467 3108 688 3175 baccalariatu
711 3120 767 3173 aut
792 3111 962 3174 sentenciis
984 3109 1158 3191 solverit5,
1200 3109 1281 3173 illud
1309 3109 1450 3175 solutum
1479 3108 1522 3174 ab
1552 3109 1699 3175 undecim

283 3209 414 3273 florenis
436 3207 483 3272 illi
506 3209 693 3291 defalcetur,
713 3208 895 3295 habeatque
917 3208 1041 3291 locum3
1064 3209 1206 3272 si'antea
1217 3207 1269 3273 hic
1281 3210 1463 3273 sentencias
1484 3208 1612 3294 legerit,
1633 3220 1701 3295 post

282 3308 468 3372 licenciatoa
491 3320 523 3372 et
543 3331 607 3389 eos,
631 3310 685 3394 qui
708 3318 782 3371 ante
803 3331 874 3372 eum
897 3309 1077 3372 sentencias
1099 3307 1252 3393 legerint3
1291 3310 1318 3372 si
1344 3331 1424 3373 vero
1446 3308 1500 3372 hie
1522 3311 1698 3373 sentencias

282 3431 346 3472 non
367 3407 490 3492 legerit,
514 3416 588 3495 popa
607 3430 717 3470 omnes
740 3409 970 3471 sentenciarios
999 3415 1030 3470 et
1057 3406 1245 3472 licenciatos
1273 3408 1378 3473 locum
1408 3406 1571 3490 obtineat,
1601 3408 1698 3495 priori

287 3517 406 3570 statuto
428 3508 461 3569 in
483 3528 541 3570 suo
562 3494 678 3571 robore
700 3502 786 3591 [25¹³]
810 3508 937 3570 omnino
958 3515 1178 3591 permanente.

243 3681 277 3738 30
370 3679 417 3738 49.
450 3672 537 3751 Quia
563 3674 711 3735 retractis
728 3668 912 3758 partibusss
939 3671 979 3735 de
1008 3671 1069 3735 loci
1095 3675 1320 3737 reservaeione
1341 3674 1551 3738 differeneiae
1573 3674 1697 3739 odiosae

285 3783 317 3836 et
336 3771 565 3858 displicenciae
587 3771 786 3857 periculosae
813 3770 966 3834 habitael
996 3780 1084 3853 sunt,
1128 3770 1168 3835 ob
1198 3772 1232 3835 id
1261 3775 1293 3836 in
1321 3773 1419 3859 plena
1446 3776 1698 3859 congregacione

289 3872 456 3936 doctorum
478 3869 640 3933 facultatis
663 3869 862 3955 theologicae
881 3870 921 3935 de
950 3894 1033 3934 anuo
1063 3870 1184 3935 domini
1214 3878 1291 3937 1455
1325 3872 1377 3936 die
1409 3883 1599 3937 sanctorum
1632 3872 1697 3937 dor·

285 3972 455 4035 miencium
476 3976 517 4045 (d.
539 3976 587 4036 27.
608 3971 716 4047 duni)8
737 3969 936 4034 concorditer
959 3968 1143 4034 conclusum
1164 3971 1233 4052 fuit,
1256 3970 1343 4057 quod
1364 3970 1405 4034 de
1428 3982 1537 4036 cetero
1560 3972 1640 4037 nulli
1659 3973 1697 4037 lo·

286 4093 343 4134 cus
366 4069 451 4133 ultra
472 4064 571 4134 unuln
594 4091 714 4132 annum
741 4078 866 4132 tantum
893 4071 1056 4133 reservari
1082 4067 1187 4133 debet.
1230 4069 1326 4149 Quod
1357 4070 1488 4155 quidem
1518 4073 1698 4138 conclusum

251 4181 284 4237 35
300 4180 452 4234 statutum
484 4164 599 4233 italum
641 4170 673 4231 in
700 4167 797 4253 plena
825 4169 1079 4254 congregacione
1111 4166 1277 4233 doctorruu
1299 4171 1444 4234 unanimi
1467 4192 1641 4256 consensu,
1664 4172 1698 4236 de

288 4292 371 4335 anno
395 4268 517 4333 domini
538 4267 747 4351 nonagesimo
769 4269 879 4353 quinto
899 4267 952 4331 die
971 4265 1099 4330 sabbati
1127 4268 1212 4332 infra
1243 4279 1376 4335 octavas
1404 4269 1533 4337 Pascae
1561 4277 1654 4352 (1495
1673 4277 1697 4333 (t

285 4377 335 4436 25.
357 4372 472 4449 April),
492 4389 551 4453 per
571 4364 757 4430 facultatem
777 4365 991 4452 theologicam
1021 4379 1070 4431 est
1092 4367 1297 4452 innovatum,
1325 4369 1547 4456 approbatum
1575 4383 1607 4436 et
1633 4393 1697 4434 con·

371 4572 381 4621 t
403 4562 589 4621 Geschrieben
606 4563 681 4619 steht
697 4565 890 4634 recipiandam.

366 4655 381 4704 2
399 4648 454 4701 Am
472 4648 581 4702 Raude:
602 4649 665 4702 Hos
683 4649 766 4702 solvit
782 4650 822 4703 D.
842 4649 999 4704 Alarmrder
1016 4651 1134 4705 Aurius.
1153 4656 1224 4706 1543.

369 4738 384 4787 3
402 4731 487 4787 Wohl
504 4732 571 4786 alia.

370 4823 386 4872 4
405 4816 591 4873 Geschrieben
609 4813 683 4869 steht
698 4822 728 4868 at
741 4823 815 4885 prate.

371 4907 385 4955 5
404 4899 590 4956 Geschrieben
607 4898 680 4953 steht
695 4900 833 4956 scharim.

371 4990 386 5038 6
408 4983 494 5040 Sollte
512 4983 572 5038 hier
588 4982 665 5037 nicht
677 4983 719 5036 im
737 4982 865 5055 Original
881 4984 1032 5055 gastandan
1049 4984 1140 5043 haben
1156 4989 1302 5044 retractis
1318 4991 1507 5061 tenporibus!

373 5073 387 5120 t
405 5066 590 5124 Geschrieben
601 5067 675 5122 steht
689 5067 794 5122 habere.

377 5154 392 5208 8
409 5151 455 5206 An
473 5152 575 5206 andern
595 5150 681 5207 Orten
699 5149 744 5206 fiel
763 5150 806 5204 ihr
822 5152 885 5223 Tag
903 5151 955 5208 auf
969 5154 1021 5209 deu
1038 5158 1078 5210 27.
1095 5154 1163 5211 tuti.
