3756 6158
691 493 740 543 Dis
758 492 876 543 Statores
896 506 956 542 rom
974 492 1057 543 Jahrs
1078 491 1149 544 1543.
1570 492 1631 555 fill

293 683 322 744 2.
345 676 412 741 Nec
432 673 636 763 recipiendus
655 685 712 757 est,
735 675 924 764 priusquam
948 685 1081 757 constet,
1103 698 1175 739 erun
1197 671 1385 738 matriculae
1408 670 1628 736 universitatis

211 789 342 843 nostrae
363 777 555 864 Lypsiensis
576 778 765 863 inscriptum
789 798 860 840 esse
884 785 916 840 et
936 777 1098 860 integrum
1120 775 1264 862 precium
1286 771 1496 853 inscribendi,
1519 770 1630 836 decem

213 876 338 941 scilicet
357 899 500 962 grossos,
523 877 641 941 rectori
665 875 872 964 persolvisse.

294 998 323 1058 3.
345 993 475 1058 Deinde
496 992 625 1081 publice
644 996 678 1059 in
701 993 817 1059 scholis
841 992 1056 1058 determinare
1086 991 1183 1057 debet
1213 992 1435 1079 quaestionem
1457 987 1630 1053 medicina·

211 1092 288 1174 lem,
324 1093 436 1159 favore
463 1105 494 1157 et
523 1116 681 1157 consensu
714 1094 810 1158 totius
841 1092 1004 1157 facultatis
1032 1092 1193 1172 medicae,
1237 1091 1399 1178 adquam
1422 1086 1672 1175 respondebitt

212 1192 397 1258 doctoribus
417 1202 449 1256 et
470 1191 618 1257 omnibus
637 1191 709 1257 aliis
730 1192 909 1257 medicinae
932 1192 1132 1257 scholaribus
1155 1213 1292 1276 arguere
1314 1187 1504 1254 volentibus.

294 1317 320 1376 4.
340 1309 448 1374 Debet
465 1321 634 1395 praeterea
654 1309 841 1395 promittere
863 1309 967 1374 eidem
990 1310 1112 1375 decano
1134 1321 1165 1373 et
1181 1309 1238 1373 toti
1258 1305 1413 1387 facultati,
1436 1303 1530 1391 quod,
1547 1325 1629 1366 com-

211 1407 299 1496 pleta
321 1430 380 1472 sua
401 1411 627 1496 responsione,
660 1408 833 1473 inmediate
856 1408 934 1474 velit
954 1419 1064 1497 petere
1093 1408 1352 1494 adsumptionem
1373 1404 1416 1469 ad
1436 1400 1631 1467 facudtatcm.

212 1508 361 1573 Habetur
383 1519 489 1573 autem
510 1506 585 1573 talis
602 1507 733 1595 publica
754 1511 924 1595 responsio
947 1509 1017 1574 loco
1040 1509 1209 1574 examinis.

293 1633 319 1693 5.
341 1625 464 1691 Ductor
486 1635 651 1712 promotus
674 1627 706 1689 in
727 1625 792 1690 alia
812 1628 1021 1691 universitate
1044 1625 1134 1691 dabit
1155 1623 1284 1689 famulis
1307 1622 1527 1687 universitatis
1549 1628 1672 1686 tem-10

211 1749 290 1814 porc
321 1748 397 1790 suae
430 1727 662 1813 assumptionis
694 1725 736 1791 ad
767 1726 952 1792 facultatem
985 1725 1164 1790 medicinae
1199 1722 1280 1788 duos
1312 1722 1451 1788 florenos
1480 1741 1630 1785 renenses

210 1849 356 1891 mauro.

293 1947 320 2008 6.
352 1940 464 2006 Nullus
500 1940 540 2006 de
567 1951 695 2006 caetero
723 1942 899 2028 recipiatur
929 1941 1042 2007 doctor
1069 1941 1149 2007 alibi
1177 1950 1341 2028 promotus
1373 1939 1416 2004 ad
1444 1937 1631 2003 facultatem

210 2043 294 2107 hanc
316 2052 461 2106 nostram
484 2039 654 2121 medicam,
675 2041 737 2104 nisi
759 2043 793 2104 in
815 2040 887 2105 aliis
906 2042 1172 2107 universitatibus
1187 2039 1368 2105 celebribus
1382 2061 1440 2125 per
1459 2039 1631 2103 triennium

211 2143 307 2207 fucrit
329 2151 360 2205 et
381 2139 503 2205 ibidem
526 2139 672 2205 doctores
695 2141 874 2205 medicinae
896 2140 1068 2226 diligenter
1091 2143 1123 2204 in
1141 2139 1331 2204 lectionibus
1348 2138 1509 2203 audiverit
1523 2147 1554 2202 et
1565 2136 1627 2201 hoc
1643 2145 1671 2200 15

212 2267 270 2308 suo
291 2244 471 2306 iuramento
493 2251 588 2303 antea
610 2239 859 2304 confirmaverit.

293 2363 320 2421 7.
341 2356 455 2422 Nullus
478 2355 600 2436 doctor,
622 2355 711 2441 apud
732 2355 869 2420 alienam
893 2356 1092 2422 academiam
1105 2367 1283 2444 promotus,
1299 2357 1332 2419 in
1346 2352 1542 2419 solemnibus
1553 2353 1629 2417 acti·

208 2457 270 2522 bus
291 2467 322 2521 et
344 2455 482 2544 publicis
506 2455 611 2520 locum
634 2454 753 2520 habeat
773 2457 856 2520 intcr
879 2456 1057 2521 medicinae
1078 2457 1225 2521 doctores
1250 2455 1343 2519 huius
1366 2451 1480 2535 studii,
1502 2453 1565 2516 nisi
1589 2452 1631 2516 sit

210 2556 400 2644 adsumptus
421 2556 464 2621 ad
483 2553 667 2619 facultatem
689 2556 868 2620 medicinae
891 2555 1066 2622 secundum
1090 2567 1211 2621 statuta
1233 2553 1386 2633 eiusdem,
1408 2575 1511 2640 neque
1525 2550 1630 2616 cathe-

210 2659 301 2723 dram
325 2653 521 2722 doctoralem
542 2652 698 2719 ascendat
718 2654 854 2741 legendo
877 2668 908 2720 et
930 2654 1125 2743 disputando
1147 2658 1180 2720 in
1192 2654 1360 2719 medicinis
1382 2654 1445 2718 nisi
1468 2658 1673 2716 consensum

210 2757 325 2822 decani
347 2765 378 2821 et
400 2754 567 2820 doctorum
589 2755 687 2818 totius
708 2753 882 2819 facultatis.

291 2878 321 2940 8.
343 2872 495 2936 Attamen
516 2869 580 2951 illi,
613 2872 668 2957 qui
697 2881 851 2936 externus
877 2871 1011 2937 advenit
1032 2895 1136 2960 neque
1163 2871 1226 2936 huc
1253 2869 1446 2955 adsumptus
1470 2876 1528 2949 est,
1551 2865 1630 2932 alibi

211 2982 356 3059 promoto
385 2970 518 3052 doctori,
541 2992 606 3035 non
636 2969 732 3034 debet
763 2972 877 3055 negari
907 2973 940 3034 in
974 2970 1112 3057 publicis
1143 2968 1435 3058 disputationibus,
1477 2978 1630 3054 tanquam

211 3071 344 3159 hospiti,
367 3070 497 3136 ultimus
519 3069 619 3134 locus.

291 3195 319 3254 9.
343 3188 454 3275 Neque
477 3208 554 3251 vcro
577 3187 747 3272 quisquam
769 3184 848 3249 alibi
870 3197 1102 3272 promotorum,
1130 3186 1206 3251 licet
1229 3188 1275 3251 ita
1296 3185 1489 3272 adsumptus
1513 3184 1563 3264 sit,
1586 3181 1671 3247 adn

207 3288 392 3354 facultatem
412 3285 474 3350 huc
497 3286 672 3371 recipiatur
695 3294 726 3348 et
748 3284 916 3350 consilium
937 3287 1056 3374 ipsius,
1087 3287 1150 3350 nisi
1173 3288 1205 3350 in
1227 3285 1289 3350 hac
1311 3285 1520 3348 universitate
1542 3281 1629 3347 bien·

207 3391 295 3454 nium
317 3384 453 3474 legendo
476 3384 615 3470 aliquem
637 3383 797 3448 medicum
819 3396 893 3471 post
920 3387 969 3450 sui
991 3385 1252 3472 adsumptionem
1283 3383 1511 3471 compleverit,
1539 3383 1631 3446 iuxta

208 3497 329 3552 statuta
349 3487 383 3551 in
406 3508 476 3550 eam
500 3496 628 3571 partem
650 3483 762 3547 edita¹

294 3609 339 3669 to.
363 3598 478 3689 [Btob]
503 3599 649 3681 Quilibet
660 3599 879 3664 adsumendus
893 3600 936 3665 ad
948 3599 1132 3665 facultatem
1157 3601 1345 3681 medicinae,
1368 3598 1446 3664 alibi
1461 3608 1630 3687 promotus

206 3715 361 3790 tanquam
383 3701 495 3766 doctor
517 3699 712 3778 medicinae,
743 3709 817 3762 ante
846 3701 895 3763 sui
924 3698 1184 3786 adsumptionem
1214 3701 1373 3766 tenebitur
1395 3701 1513 3780 iurare,
1535 3698 1622 3787 quod
1634 3706 1667 3763 30

207 3800 284 3866 velit
307 3823 482 3888 procurare
502 3800 622 3864 bonum
643 3797 807 3862 facultatis
831 3799 975 3863 medicae
996 3799 1093 3864 studii
1115 3800 1209 3866 huius
1237 3799 1445 3887 Lypsiensis,
1474 3809 1628 3886 quantum

205 3902 332 3987 inipso
355 3909 419 3981 est,
450 3897 492 3962 ad
521 3919 752 3986 quemcumque
780 3908 898 3961 statum
922 3902 1122 3984 pervenerit,
1153 3912 1184 3965 ot
1204 3901 1290 3986 quod
1315 3900 1389 3965 velit
1413 3921 1543 3963 servare
1564 3907 1627 3962 sta·

206 4011 275 4065 tuta
296 4012 327 4063 et
346 3998 534 4078 statuenda,
574 4019 655 4084 quae
686 4008 759 4060 sunt
789 4008 820 4061 et
849 4009 942 4062 erunt
965 4021 1025 4084 pro
1048 3998 1132 4064 bono
1154 3999 1318 4064 facultatis
1341 3999 1486 4064 eiusdem
1509 4019 1625 4086 appro-

207 4099 284 4165 bata
304 4097 357 4162 vel
380 4095 606 4184 approbanda.

292 4221 338 4280 ll.
367 4214 448 4279 Item
475 4213 597 4279 iurabit
625 4211 709 4278 idem
736 4211 849 4278 doctor
871 4212 949 4278 alibi
981 4225 1147 4302 promotus
1177 4211 1394 4280 adsumendus
1416 4213 1459 4278 ad
1481 4220 1668 4276 nostramet

205 4312 390 4379 facultatem
413 4312 601 4395 medicinae,
624 4311 734 4397 digitis
755 4313 924 4399 cvangelio
946 4315 1115 4400 impositis,
1139 4314 1197 4379 sub
1221 4315 1282 4380 hac
1305 4314 1450 4400 sequenti
1471 4309 1625 4376 formula:

800 4545 1037 4593 lunanuvun.

287 4694 382 4780 „Ego
410 4695 459 4758 .N.
487 4695 559 4758 iuro
587 4692 680 4757 vobis
708 4692 831 4759 decano
864 4694 1043 4782 vestrisque
1076 4695 1317 4762 successoribus
1349 4694 1565 4760 obedientiam
1594 4701 1626 4758 et

205 4796 419 4860 reverentiam
439 4795 473 4857 in
493 4791 590 4857 licitis
610 4802 641 4858 et
664 4793 817 4875 honestis,
841 4804 872 4858 et
893 4816 1023 4858 servare
1047 4803 1166 4859 statuta
1192 4805 1224 4859 et
1252 4791 1423 4861 statuenda
1446 4815 1623 4880 proposse

205 4894 308 4960 me0.“
1634 4901 1668 4958 ⁴0

293 5163 301 5213 t
324 5155 513 5217 Geschrieben
529 5161 631 5216 cadim.
