3756 6158
721 505 774 541 von
790 492 898 555 Herzog
912 491 1008 542 Merita
1024 491 1153 558 bastttisst

860 676 969 741 Caput
985 678 1056 730 Xlll.

347 825 396 872 DE
418 822 647 873 INSPEOTIONE
668 822 803 872 saumis
823 824 1074 874 cohmelosuu
1094 826 1139 873 ET
1163 825 1493 875 commemorauit.

286 940 403 1006 Visum
426 949 490 1017 est,
516 941 676 1026 imprimis
703 962 721 1005 e
742 962 778 1005 re
807 940 1040 1028 discipulorum
1061 942 1205 1006 futurum
1226 964 1314 1024 esse,
1344 942 1372 1006 si
1400 941 1443 1006 ad
1464 941 1573 1006 studia
1595 952 1627 1007 et

208 1062 315 1106 mores
336 1040 483 1127 ipsorum
503 1041 655 1127 frequens
674 1041 821 1128 ipsorum
847 1049 1014 1127 respectus
1044 1039 1226 1106 haberetur.
1266 1040 1377 1122 Quare
1397 1041 1448 1123 id,
1476 1041 1564 1128 quod
1584 1041 1626 1106 ab

207 1142 340 1228 antiquo
361 1142 569 1206 constitutum
590 1140 667 1221 fuit,
688 1140 786 1204 etiam
808 1138 1010 1226 diligentius,
1033 1140 1061 1204 si
1083 1141 1201 1225 possit,
1232 1140 1282 1205 his
1302 1140 1501 1226 temporibus
1524 1141 1647 1227 paul05

206 1239 468 1306 dissolutioribus
488 1238 682 1306 servandum
704 1237 832 1303 videtur
846 1240 871 1321 ¹,
905 1248 941 1303 ut
961 1241 1210 1326 uniuscuiusque
1232 1240 1396 1304 semestris
1417 1250 1522 1305 rector
1542 1244 1628 1306 intra

206 1340 285 1406 duos
303 1361 434 1405 menses
455 1339 498 1405 ab
516 1339 610 1404 initio
633 1338 867 1424 magistratus²
888 1340 1063 1423 magistros
1082 1361 1203 1419 omnes,
1223 1342 1280 1425 qui
1300 1338 1476 1426 discipulos
1498 1340 1627 1424 habent,

205 1435 400 1526 praesertim
419 1460 485 1522 eos,
507 1439 563 1526 qui
582 1440 617 1503 in
638 1436 857 1502 contuberniis
879 1447 911 1502 et
932 1437 1006 1502 aliis
1028 1437 1169 1525 publicis
1191 1437 1327 1503 aedibus
1350 1439 1552 1505 scholasticis
1574 1440 1627 1504 de·

205 1548 294 1624 gunt,
317 1560 374 1603 eos
383 1539 556 1626 imprimis,
576 1559 712 1625 quorum
729 1535 863 1622 publica
882 1536 946 1603 illis
967 1538 1000 1601 in
1022 1535 1158 1603 aedibus
1179 1539 1303 1603 curatio
1323 1538 1431 1620 fuerit,
1452 1538 1563 1604 iubeat
1583 1539 1626 1604 ad

205 1661 237 1703 se
257 1637 378 1704 afferre
398 1636 605 1725 perscripta³
624 1637 660 1700 in
680 1635 795 1700 charta
814 1638 957 1700 omnium
977 1635 1157 1701 incolarum
1178 1635 1475 1725 discipulorumque
1494 1660 1623 1704 suorum
1638 1649 1669 1704 10

205 1737 344 1802 nomina.
376 1735 450 1817 Quo
469 1736 555 1823 facto
578 1745 695 1818 rector,
717 1736 869 1800 assumtis
884 1735 1115 1818 assessoribus,
1137 1737 1171 1801 in
1182 1734 1327 1821 singulas
1345 1735 1443 1800 aedes
1456 1736 1624 1802 scholasti-

205 1860 259 1903 cas
280 1845 315 1902 et
334 1836 548 1903 contubernia
567 1838 655 1900 intra
681 1835 921 1922 suprapositum
940 1842 1066 1921 tempus
1088 1834 1282 1921 inspiciendi
1303 1857 1404 1900 causa
1436 1839 1545 1900 veniet
1571 1836 1625 1902 de·

205 1959 264 2024 que
293 1934 464 2023 discipulis
493 1933 660 2021 sigillatim
687 1933 946 2021 percontabitur,
979 1955 1059 2021 quos
1090 1933 1292 2021 professores
1320 1933 1454 1999 audiant
1482 1945 1514 2000 et
1538 1937 1626 2022 quod

207 2034 388 2100 studiorum
415 2056 517 2122 genus
547 2043 731 2122 sequantur.
772 2033 823 2098 Ac
849 2032 951 2098 bonos
977 2032 1124 2121 beneque
1145 2043 1289 2098 moratos
1318 2044 1354 2099 ut
1380 2033 1470 2099 illum
1498 2057 1627 2101 cursum

206 2143 353 2217 teneant,
382 2132 612 2199 contendentes
632 2131 675 2197 ad
696 2131 794 2199 decus
817 2142 850 2197 et
868 2132 1013 2215 laudem,
1040 2130 1234 2198 hortabitur.
1262 2133 1470 2220 Negligentes
1491 2145 1523 2199 et
1543 2135 1669 2200 maleit

207 2235 373 2298 moratos⁴
392 2243 462 2298 tum
482 2233 612 2320 quidem
634 2231 744 2298 verbis
766 2230 953 2318 obiurgabit
973 2241 1004 2296 et
1025 2232 1216 2318 castigabit,
1244 2232 1302 2296 sed
1327 2235 1361 2297 in
1381 2244 1628 2320 perseverantes

206 2331 463 2420 inneglectionc
497 2332 689 2419 disciplinae
716 2338 748 2396 et
777 2330 958 2397 studiorum
978 2341 1093 2417 postea
1121 2333 1255 2418 gravius
1277 2335 1374 2397 etiam
1392 2332 1630 2398 animadvertet

208 2431 244 2499 de
263 2432 428 2498 sententia
450 2453 650 2497 assessorum
672 2452 810 2496 suorum.

812 2616 921 2678 Caput
938 2614 1009 2666 XIV.

558 2763 588 2813 st
608 2764 655 2811 DE
678 2762 826 2812 suarum
849 2763 1043 2812 SENTENTIA
1064 2764 1276 2813 DUBITETUR.
1637 2759 1671 2814 20

290 2881 383 2946 siin
406 2848 535 2945 statutis
556 2879 688 2968 aliquod
709 2879 842 2945 dubium
862 2889 967 2944 ortum
985 2880 1098 2963 fuerit,
1130 2879 1216 2945 illius
1238 2880 1490 2947 declarationem
1510 2883 1628 2947 rectori

212 2990 240 3045 et
259 2979 482 3046 assessoribus
503 2981 665 3045 reservari
687 2976 818 3066 placuit,
839 2980 895 3064 qui
914 2988 1035 3073 waren,
1055 2982 1082 3045 si
1103 3003 1156 3043 res
1177 2983 1309 3065 gravior
1329 2991 1361 3045 et
1375 2980 1537 3046 difficilior
1558 2983 1629 3064 erit,

215 3079 251 3144 sd
272 3079 447 3146 arbitrium
469 3077 590 3166 publici
612 3078 738 3144 consilii
760 3078 956 3144 decisionem
977 3081 1133 3145 reiiciant.

823 3281 929 3346 Caput
949 3282 1006 3336 XV.

688 3430 735 3477 DE
757 3428 925 3477 Paeonum
946 3429 1142 3478 summus.
1638 3427 1672 3482 25

287 3546 456 3634 Pagorum
474 3545 613 3627 reditus,
640 3545 696 3633 qui
716 3547 848 3633 proprie
868 3547 1072 3611 universitati
1092 3552 1224 3610 nostrae
1246 3545 1458 3613 scholasticae
1480 3549 1628 3614 attributi

218 3657 294 3730 nat,
315 3644 456 3713 fideliter
476 3644 685 3732 colligentur,
707 3647 824 3733 quique
844 3645 908 3710 illis
930 3645 1119 3733 colligendis
1140 3644 1269 3731 publice
1290 3649 1496 3734 praepositus
1517 3649 1623 3731 fuerit,
1715 3665 1719 3669 ’

218 3765 279 3811 sum
301 3744 365 3813 boc
388 3747 517 3811 nomine
539 3743 690 3811 defendet
707 3746 902 3810 universitas
924 3745 1120 3812 scholastica
1141 3757 1173 3811 et
1195 3744 1354 3830 integrum
1378 3746 1567 3833 praestabit.

814 3931 925 3994 Caput
943 3932 1014 3983 XVI.

631 4079 681 4127 DE
703 4078 948 4129 cITA'rIONmus
969 4082 1014 4129 ΕΤ
1033 4082 1203 4130 ΔΒΒΕΒΤΟ.
1638 4073 1673 4128 30

284 4196 417 4263 Rectori
437 4194 514 4262 licet
541 4196 731 4262 inconsultis
760 4195 954 4261 consiliariis
986 4199 1053 4262 suis
1082 4199 1184 4262 citare
1211 4206 1242 4261 et
1268 4204 1430 4262 arrestare
1459 4219 1570 4263 omnes
1599 4206 1631 4261 et

219 4294 349 4384 singulos
371 4294 488 4362 ditioni
509 4297 732 4361 universitatis
754 4295 966 4362 scholasticae
989 4300 1191 4385 suppositos,
1220 4318 1411 4384 quocunque
1431 4299 1465 4362 iu
1485 4295 1557 4361 loco
1578 4296 1630 4360 in·

220 4397 310 4462 veniri
336 4397 511 4484 potuerint

318 4667 328 4718 l
349 4659 536 4717 Geschrieben
554 4660 627 4714 steht
643 4661 752 4714 senrors'
766 4663 831 4714 &sm
846 4662 962 4714 videtur.

315 4742 534 4800 toeschriebeu
553 4743 628 4799 steht
644 4746 823 4813 naphtam
841 4750 911 4798 etwa
928 4746 964 4798 ab
983 4744 1053 4796 inito
1073 4745 1254 4812 mopsistrotrs!

315 4826 536 4884 ³Geschrieben
555 4827 629 4882 steht
643 4829 828 4898 prmoeipta.
933 4833 948 4882 t
967 4826 1055 4898 Vogel
1074 4827 1196 4882 schreibt
1213 4835 1353 4882 irrorantes.
