3756 6158
240 474 300 537 568
755 471 804 520 Die
822 469 1006 533 theologiache
1022 469 1148 519 Faculttt.

240 661 364 738 septem
397 651 489 715 annis
523 653 667 739 semper¹
698 652 733 716 in
765 651 977 718 universitate
1009 660 1121 716 nostra
1152 649 1313 716 indefesso
1346 649 1462 716 labore
1495 648 1666 731 audiendo,

237 749 373 836 legendo
395 773 434 815 ac
455 750 652 838 disputando
675 752 818 840 aliosque
840 761 930 816 actus
953 750 1140 816 scolasticos
1170 749 1351 816 exercendo
1381 750 1572 837 diligentem
1600 772 1668 815 sese

240 851 371 914 exibuit.
416 849 527 930 Quare
555 852 703 938 petitioni
731 873 808 917 suae
835 859 902 916 tam
928 850 1083 916 honestae
1109 860 1242 938 tamque
1268 852 1374 916 iustae
1403 873 1531 916 morem
1557 871 1668 935 gerere

242 949 397 1032 volentes,
420 950 521 1017 veluti
545 950 689 1038 dignum,
717 975 776 1039 per
803 959 992 1038 praesentes
1021 950 1267 1017 notumfacimus
1296 948 1446 1016 omnibus
1474 958 1508 1014 et
1535 947 1667 1036 singulis

196 1059 212 1113 5
241 1060 314 1132 uta,
343 1051 525 1137 praefatum
555 1049 585 1114 d.
610 1050 843 1136 Wolfgangum
868 1049 1097 1116 Winckelman
1125 1049 1213 1137 apud
1241 1071 1301 1114 nos
1328 1058 1453 1137 septem
1482 1050 1579 1113 annis
1607 1058 1666 1112 stu·

241 1149 330 1214 dium
353 1149 569 1236 theologicum
582 1149 786 1236 explevisse,
815 1151 946 1237 insuper
974 1158 1050 1237 poet
1076 1151 1298 1236 magisterium
1321 1150 1355 1213 in
1384 1147 1511 1214 artibus
1534 1147 1616 1212 adeo
1636 1148 1668 1211 in

242 1248 348 1314 studio
378 1249 559 1337 theologico
588 1249 777 1335 invigilasse
803 1258 835 1313 et
857 1250 1043 1336 profecisse,
1070 1259 1157 1314 utet
1177 1250 1211 1312 in
1232 1248 1345 1314 eodem
1368 1249 1473 1314 studio
1496 1247 1619 1333 gradus
1640 1257 1669 1312 et

240 1350 458 1436 promotiones
495 1350 610 1415 merito
649 1357 888 1433 assequeretur,
925 1347 1099 1414 videlicet²
1141 1350 1175 1412 in
1219 1347 1440 1413 baccalarium
1482 1346 1667 1433 theologiae

241 1457 413 1531 assumtus,
441 1447 517 1513 hinc
539 1459 683 1536 tempore
706 1470 763 1513 suo
790 1448 925 1513 formam
950 1448 1089 1536 adeptus
1117 1450 1150 1512 in
1177 1447 1347 1535 praedicta
1374 1456 1487 1512 nostra
1513 1447 1667 1511 universi·

200 1559 231 1613 10
240 1557 306 1613 tate
328 1557 359 1612 et
380 1547 561 1633 theologica
588 1546 742 1612 facultate
769 1548 802 1610 in
828 1545 1049 1612 baccalarium
1077 1547 1258 1633 theologiae
1287 1546 1462 1612 formatum
1497 1547 1667 1627 admissus,

240 1647 327 1734 quod
357 1646 407 1710 his
440 1645 666 1734 praesentibus
696 1645 887 1733 profitemur
915 1657 946 1711 et
973 1656 1140 1729 testamur,
1170 1654 1324 1734 rogantes
1352 1655 1384 1710 ct
1405 1645 1667 1711 commendantes

240 1744 378 1810 eundem
411 1744 574 1811 dominum
605 1746 796 1830 magistrum
825 1747 944 1810 vestris
974 1746 1142 1833 perdignis
1175 1745 1450 1810 dominationibus
1485 1746 1533 1809 uti
1565 1746 1667 1809 virum

239 1847 414 1910 virtutum³
436 1854 468 1909 et
486 1844 620 1911 doctum
643 1855 711 1926 etc,
743 1867 839 1932 quem
868 1845 998 1930 quidem
1024 1847 1216 1933 magistrum
1245 1855 1277 1908 et
1304 1866 1364 1910 nos
1393 1846 1427 1908 in
1455 1845 1668 1910 universitate

239 1954 352 2010 nostra
363 1943 610 2030 quemlubenter
621 1943 774 2030 colligere
786 1954 818 2009 et
831 1942 952 2008 habere
973 1944 1109 2009 velimus
1131 1945 1172 2010 ob
1193 1945 1355 2031 insignes⁴
1377 1965 1452 2008 suas
1475 1955 1509 2008 et
1529 1945 1665 2008 virtutes

202 2054 231 2108 15
242 2053 273 2108 et
295 2044 460 2109 doctrinas
482 2054 540 2109 etc.
576 2044 641 2110 Pro
662 2066 725 2132 quo
747 2053 779 2108 et
799 2065 837 2108 eo
861 2043 902 2121 (l)
926 2044 968 2108 ad
991 2042 1109 2109 similia
1131 2052 1163 2110 et
1182 2046 1307 2110 maiora
1329 2051 1461 2128 paratos
1483 2066 1544 2109 nos
1567 2043 1667 2108 offeri·

238 2166 318 2207 mus.
352 2143 391 2208 In
414 2145 483 2207 eius
504 2145 553 2208 rei
575 2143 708 2208 evidens
730 2144 948 2209 testimonium
970 2142 1111 2231 sigillum
1131 2143 1294 2208 facultatis
1316 2151 1446 2208 nostrae
1467 2141 1669 2228 theologicae

240 2241 465 2329 praesentibus
495 2265 677 2329 appensum
706 2253 763 2308 est.
806 2243 891 2308 Acta
921 2252 996 2308 sunt
1022 2243 1104 2308 haec
1134 2252 1165 2306 et
1193 2241 1270 2307 data
1296 2241 1349 2307 die
1380 2242 1536 2306 vicesimo
1567 2242 1669 2327 primo

239 2343 412 2407 Februarii
434 2344 554 2408 mensis
577 2365 661 2408 anno
690 2342 859 2408 millesimo
885 2344 1139 2430 quingentesimo
1166 2343 1329 2408 tricesimo
1357 2343 1464 2428 primo
1488 2350 1549 2405 etc.
1578 2342 1665 2421 (1531

242 2448 269 2503 d.
292 2447 340 2508 21.
362 2446 526 2522 Februar.)

199 2582 232 2638 20
703 2574 863 2640 Martinus
885 2574 1091 2662 Meyndornn
1113 2596 1154 2639 ex
1176 2572 1362 2661 Hirsbergk
1383 2573 1528 2639 decanus
1551 2595 1630 2637 sscr.

455 3196 477 3245 2.
498 3196 560 3246 DIE
579 3194 652 3246 VON
670 3192 814 3245 HERZOG
833 3193 970 3246 MOBITZ
987 3187 1241 3247 BESTllTlGTEN
1259 3196 1454 3248 STATU'l'EN

818 3312 881 3345 vom
899 3296 981 3346 Jahre
1001 3296 1087 3347 1543.ὅ

284 3442 345 3530 [Bl.
368 3439 415 3529 1⁸]
439 3459 551 3509 asans
571 3460 820 3508 sunuomravs
842 3462 1013 3509 PRINCIPIS
1036 3463 1204 3528 uansrru,
1225 3463 1328 3512 nuc1s
1350 3464 1537 3530 saxonum,
1564 3465 1627 3512 rso

447 3558 654 3607 FAGULTATE
679 3560 902 3608 nunonoarca
924 3546 1138 3609 erasmumsi
1160 3563 1276 3610 srunu
1298 3563 1468 3611 sancires

201 3650 234 3705 25
793 3659 888 3708 suno
911 3661 944 3706 Μ.
967 3660 1001 3706 n.
1023 3661 1118 3708 mm.

657 3804 718 3894 [Bl.
739 3805 791 3895 2⁸]
814 3826 861 3873 nn
883 3825 1082 3874 nocrnuvau
1103 3788 1249 3875 cnusssss

883 3946 988 4008 Caput
1006 3947 1026 3994 Ι.

325 4054 370 4118 Ut
398 4057 431 4119 in
460 4056 605 4122 ecclesiis
633 4060 730 4123 totius
760 4058 892 4124 ditionis
920 4068 1051 4124 nostrae
1079 4069 1111 4123 et
1138 4061 1172 4122 in
1198 4059 1378 4146 puerilibus
1409 4060 1539 4142 scholis,
1568 4063 1613 4124 ita
1635 4061 1663 4122 in

243 4153 426 4236 academia,
469 4178 566 4241 penes
594 4179 690 4244 quam
720 4182 856 4245 semper
877 4157 973 4223 debet
1002 4182 1072 4223 esse
1103 4161 1281 4247 praecipua
1310 4159 1506 4244 gubernatio
1539 4171 1571 4224 et
1600 4182 1662 4224 cen·

201 4265 234 4319 30
242 4276 319 4318 sura
341 4253 517 4336 doctrinae,
540 4254 685 4321 volumus
706 4280 822 4344 puram
845 4257 1005 4343 evangelii
1028 4259 1208 4323 doctrinam
1226 4280 1403 4342 verumque
1425 4271 1458 4325 et
1477 4271 1664 4347 perpetuum

330 4486 414 4541 lDie
431 4486 605 4559 Abkiirzung
621 4489 659 4541 ist
676 4506 706 4543 so
725 4489 894 4560 undeutlich,
919 4492 983 4545 dass
1006 4508 1071 4545 man
1094 4491 1165 4546 auch
1188 4492 1360 4561 sapentiam
1385 4511 1419 4546 au
1446 4493 1522 4548 lesen
1546 4492 1665 4548 versucbt

243 4571 301 4626 scin
320 4571 432 4626 kdnnte.

326 4661 341 4711 2
360 4656 440 4712 Gauz
460 4655 550 4710 sicher
568 4657 605 4711 ist
622 4657 667 4712 die
685 4658 798 4730 Lesung
817 4658 906 4714 dieses
925 4661 1036 4715 Wortes
1053 4659 1138 4714 nicht.

328 4745 343 4794 3
362 4740 471 4794 Anders
489 4739 598 4795 scheint
614 4740 665 4794 das
682 4742 766 4797 Wort
782 4743 860 4797 nicht
877 4745 987 4816 gelesen
1004 4744 1111 4799 werden
1130 4761 1164 4797 zu
1182 4744 1301 4800 tannen.

328 4823 549 4879 lGeschriebeu
567 4826 604 4879 ist
624 4827 755 4895 obsignes.

327 4908 400 4960 blm
419 4908 546 4980 Original
565 4908 696 4966 erhalten.
726 4910 1115 4982 vgl.Urkundl.Que11enS
1143 4917 1200 4968 870.

329 4996 343 5044 6
363 4991 399 5046 So
417 4993 490 5046 steht
507 4993 629 5048 deutlich
647 4994 835 5066 geschrieben,
852 4996 907 5050 und
925 4996 1059 5050 demnach
1078 4997 1115 5050 ist
1133 4996 1401 5066 zuriickzunehmen,
1414 5016 1471 5054 vas
1490 4999 1564 5055 oben
1579 5001 1607 5054 in
1623 4999 1665 5053 der

243 5073 323 5127 Anm.
343 5081 357 5128 2
378 5094 412 5128 zu
429 5076 455 5130 S.
473 5083 513 5144 93,
530 5082 561 5132 27
578 5086 678 5150 gesagt
696 5081 747 5148 ist,
769 5080 840 5134 auch
857 5081 900 5134 die
918 5081 999 5135 Anm.
1020 5086 1033 5135 2
1054 5080 1106 5135 auf
1127 5080 1153 5136 S.
1172 5087 1203 5136 35
1227 5082 1261 5135 ist
1284 5080 1417 5137 hiernach
1438 5101 1474 5138 au
1494 5083 1665 5154 bericbtigen,

243 5155 369 5227 obgleich
388 5176 416 5212 es
434 5160 471 5214 im
489 5160 574 5217 Jahre
591 5168 655 5218 1519
673 5163 745 5218 wohl
764 5164 854 5219 sicher
870 5163 943 5226 noch
960 5163 1067 5219 iiberall
1083 5165 1228 5237 Lipsemie
1244 5164 1388 5236 geheissen
1407 5167 1467 5224 hat
