3756 6158
243 458 301 521 168
732 452 786 501 Der
803 451 883 500 Liber
900 451 1016 501 11110111
1036 451 1180 502 Potonirae

326 641 354 704 8.
387 634 469 700 Item
493 632 681 721 praedictus
710 635 866 722 magister
887 634 994 700 senior
1015 631 1200 699 facultatem
1222 633 1342 701 habeat
1371 636 1573 703 convocandi
1600 660 1665 702 ma·

241 740 362 824 gistros
384 742 416 798 et
443 732 593 799 doctores
621 736 767 800 nacionis
794 736 829 800 in
854 733 1024 820 collegium
1053 731 1169 800 beatae
1194 734 1333 821 virginis
1362 736 1486 801 tociens
1514 738 1666 825 quociens

241 859 302 925 per
329 833 521 919 magistrum
548 855 648 898 unum
668 833 720 900 vel
749 833 858 921 plnres
886 832 928 899 de
955 833 1092 899 nacione
1120 834 1295 923 requisitus
1324 835 1436 918 merit,
1463 843 1521 902 aut
1550 837 1581 902 si
1608 859 1666 924 pro

242 937 363 1003 honore
390 932 538 998 nacionis
566 931 601 997 id
628 932 700 999 fieri
725 932 845 998 viderit
870 941 1072 1021 oportunum.
1113 934 1152 1000 In
1180 956 1245 1023 qua
1271 934 1401 1023 quidem
1430 937 1668 1003 convocacione

201 1047 217 1102 5
246 1038 325 1124 ipse,
347 1032 435 1098 velut
453 1041 486 1098 et
504 1033 539 1097 in
560 1033 782 1098 universitatis
804 1031 1103 1116 convocacionibus,
1131 1033 1285 1099 inducere
1313 1032 1410 1100 debet
1437 1044 1534 1124 atque
1561 1036 1668 1123 singn-

242 1136 349 1201 lorum
368 1133 597 1217 magistrorum
608 1141 686 1197 vota
704 1133 857 1219 colligere
871 1142 904 1198 11
923 1134 1018 1197 inxta
1034 1132 1196 1198 saniorem
1210 1141 1243 1198 et
1258 1134 1414 1199 maiorem
1426 1134 1576 1201 nacionis
1594 1156 1668 1223 par·

244 1247 310 1300 tem
330 1235 365 1299 in
388 1232 495 1297 causis
519 1230 735 1298 concludendi
754 1232 875 1299 habeat
895 1228 1042 1297 similiter
1062 1230 1258 1297 facultatem.

327 1338 355 1401 9.
390 1332 473 1397 Item
498 1330 665 1417 praefatis
694 1329 851 1418 magiste‘r
878 1333 985 1397 senior
1011 1329 1132 1396 habeat
1157 1330 1345 1398 facultatem
1368 1332 1560 1399 nominandi
1587 1332 1668 1400 duos

243 1434 410 1515 relatores,
432 1441 546 1497 votum
556 1432 711 1514 nacionis,
733 1442 769 1496 ut
789 1438 1059 1513 consuetumuest
1078 1429 1149 1496 fieri
1169 1431 1205 1495 in
1225 1431 1518 1500 eonvocacionibus
1538 1433 1669 1499 nniver-

207 1547 238 1601 10
249 1534 365 1616 sitatis,
397 1531 516 1597 rectori
537 1530 713 1595 referentes
734 1530 794 1597 sub
815 1529 928 1597 debita
946 1529 1053 1595 forma
1071 1522 1248 1597 verborum
1269 1532 1363 1597 iuxta
1383 1532 1546 1598 seniorum
1566 1533 1668 1619 magi·

244 1644 388 1699 strornm
409 1629 589 1712 arbitrium,
610 1629 756 1695 nacionis
778 1652 839 1717 pro
860 1629 993 1695 honora

332 1739 377 1799 10.
407 1731 489 1796 Item
508 1728 616 1794 nullus
637 1731 868 1816 magistrorum
889 1727 1026 1794 alterum
1046 1727 1239 1815 magistrum
1260 1728 1302 1817 de
1320 1730 1456 1796 nacione
1474 1752 1537 1819 pro
1551 1728 1673 1797 iniuria

245 1832 297 1898 vel
320 1831 386 1897 alia
406 1851 598 1916 quacunque
620 1851 720 1894 causa
742 1850 852 1894 coram
873 1838 1000 1894 rectore
1018 1837 1076 1893 aut
1094 1826 1203 1894 indice
1215 1831 1396 1912 conveniat,
1416 1830 1482 1895 nisi
1501 1829 1598 1917 prius
1613 1850 1671 1917 per

246 1933 422 2018 magistros
443 1929 484 1995 de
505 1930 642 1994 nacione
663 1928 708 1994 ad
727 1928 868 1994 iudicem
887 1927 986 1993 fuerit
1004 1928 1169 1994 remissus.

206 2045 236 2100 15
331 2037 378 2097 11.
409 2029 490 2094 Item
514 2029 620 2094 senior
642 2037 674 2092 et
693 2026 860 2093 iudiciales
888 2050 948 2115 pro
974 2035 1120 2114 tempore
1148 2028 1323 2093 existentes
1350 2027 1524 2114 providere
1550 2028 1671 2095 debent

243 2131 373 2198 1101111
391 2127 432 2193 11
451 2128 529 2194 fisco
550 2127 713 2194 communi
732 2149 792 2213 pro
813 2125 1082 2213 subdelegacione
1103 2134 1161 2192 aut
1176 2125 1511 2213 subdelegacionibus,
1534 2150 1600 2217 qus
1619 2128 1671 2195 111

245 2231 361 2320 quibus
389 2227 518 2314 singula
544 2226 688 2313 gaudere
715 2237 852 2314 possunt
877 2227 1055 2314 supposita,
1084 2247 1145 2313 pro
1175 2224 1307 2291 Slesicis
1338 2225 1461 2293 seilicet
1486 2227 1523 2292 in
1549 2226 1671 2295 diocesi

244 2329 417 2411 Misnensi,
449 2349 509 2414 pro
536 2325 688 2391 Prutenis
716 2327 751 2391 in
781 2325 902 2393 diocesi
930 2325 1125 2392 Oamenensi
1152 2323 1205 2391 vel
1235 2325 1301 2391 alia
1330 2327 1413 2413 ipsis
1447 2324 1572 2414 plaeita
1602 2328 1671 2394 sive

204 2426 492 2597 wnomllliilliem
512 2524 695 2612 quicunque
714 2524 827 2610 vigore
855 2491 1039 2590 huiusmodi
1065 2521 1345 2611 subdelegacionis
1373 2523 1517 2614 aliquem
1536 2526 1592 2593 vel
1616 2524 1670 2593 nli·

246 2652 327 2719 quos
347 2628 382 2691 in
402 2648 532 2691 causam
554 2622 605 2688 vel
628 2645 742 2688 causas
764 2624 893 2689 trahere
915 2621 1061 2706 voluerit,
1091 2622 1202 2688 solvat·
1222 2624 1359 2708 tociens,
1384 2626 1541 2711 quociens
1562 2626 1670 2714 ipsum

246 2751 365 2796 novam
396 2726 465 2791 sive
491 2731 653 2789 recentem
682 2744 815 2788 causam
846 2724 1006 2788 intentare
1034 2722 1216 2810 contigerit,
1249 2720 1330 2790 duos
1357 2721 1401 2810 gl.
1433 2745 1495 2812 pro
1525 2726 1670 2791 nacionis

247 2830 325 2893 fisco
347 2822 570 2913 applicandos.

332 2932 380 2992 13.
409 2924 490 2989 Item
512 2932 734 3008 transgressor
752 2919 870 2987 horum
888 2921 1033 3008 supremi
1057 2919 1110 3013 vel
1136 2920 1239 3012 infimi
1266 2923 1485 3010 cuiuscunque
1511 2922 1541 2989 si
1563 2945 1672 2991 eoram

207 3027 388 3093 2511111011
410 3046 444 3088 11
465 3045 530 3087 non
558 3021 797 3107 recognoverit,
828 3019 982 3105 impediri
1007 3030 1115 3108 potest
1135 3043 1194 3108 per
1218 3021 1394 3109 quemlibet
1415 3020 1612 3109 magistrum
1633 3022 1672 3088 de

248 3126 393 3207 nacione,
422 3143 463 3186 ue
483 3120 526 3186 ad
552 3119 674 3206 gradus
703 3130 941 3207 promoveatur.
984 3119 1050 3201 Qui
1072 3121 1100 3184 si
1127 3121 1284 3207 magister
1304 3130 1472 3210 promotus
1492 3123 1608 3189 existit
1632 3131 1672 3204 et,

249 3223 404 3312 propriae
422 3221 563 3286 innitens
586 3218 793 3307 prudenciae,
823 3228 935 3285 contra
957 3219 1127 3306 praedicta
1145 3219 1268 3304 fecerit,
1290 3243 1349 3308 per
1370 3221 1542 3287 nacionem
1559 3222 1672 3310 punia-

178 3391 184 3406 ,
248 3337 310 3406 tur,
332 3323 395 3387 nisi
417 3319 603 3385 humiliatus
624 3342 659 3384 se
681 3318 901 3384 emendaverit
922 3340 1048 3405 semper
1069 3318 1171 3386 salve.
1282 3366 1288 3371 -

333 3428 380 3488 14.
408 3419 490 3485 Item
512 3421 619 3485 senior
643 3419 798 3503 magister
819 3418 860 3483 de
880 3419 1018 3483 nacione
1039 3439 1098 3504 per
1118 3418 1307 3485 mandatum
1328 3420 1464 3485 rectoris
1486 3420 1547 3487 sub
1569 3442 1675 3508 poena

210 3531 393 3609 sequatuor
414 3541 600 3606 grossorum
622 3518 719 3584 debet
738 3519 774 3582 in
795 3539 879 3583 anno
905 3516 1054 3582 adminus
1076 3518 1164 3582 circa
1184 3517 1301 3584 festum
1321 3520 1425 3584 sancti
1446 3518 1536 3585 Galli
1557 3542 1674 3586 convo·

251 3645 326 3688 care
347 3619 455 3686 omnia
475 3618 645 3704 supposita
664 3619 812 3684 nacionis
838 3615 1026 3703 praedictae
1054 3617 1089 3681 in
1115 3615 1221 3682 locum
1248 3627 1481 3706 competentem
1510 3628 1543 3684 et
1567 3618 1675 3685 facere

251 3723 383 3787 brevem
409 3727 442 3783 et
468 3716 579 3782 utilem
607 3717 816 3785 collacionem
837 3714 890 3780 vel
918 3715 999 3780 elias
1027 3715 1298 3799 exhortacionem,
1329 3720 1502 3805 supposita
1527 3719 1675 3785 1111101111

250 3830 286 3887 ut
313 3843 348 3886 sc
369 3818 502 3883 honeste
532 3822 661 3902 regant,
691 3815 798 3882 studio
828 3813 1072 3901 disciplinarum
1094 3814 1306 3901 adhaereant,
1337 3816 1430 3882 bonis
1459 3827 1492 3882 11
1520 3816 1674 3883 studiosis

163 3906 166 3915 ¹
252 3944 286 3987 se
308 3919 485 3998 associent,
513 3938 583 3980 cum
605 3916 771 4002 magistris
794 3914 844 3979 vel
868 3915 1025 4001 magistro
1045 3913 1086 3978 de
1112 3916 1248 3982 nacione
1277 3914 1424 3982 habitent
1450 3937 1618 4000 excessus,
1648 3918 1675 3982 si

210 4021 308 4108 tiqui
329 4019 458 4099 fuerint,
477 4016 668 4102 corrigendo
690 4014 866 4081 secundum
886 4013 974 4101 quod
994 4012 1136 4079 viderint
1156 4017 1319 4104 expedire.

456 4484 479 4535 2.
497 4484 570 4536 DIIR
585 4484 692 4534 maus
708 4482 882 4535 NATIONIS
900 4482 1108 4536 Pouomcea
1129 4481 1207 4534 VOM
1224 4483 1340 4534 eausa
1362 4482 1448 4535 1557st

334 4618 372 4683 In
393 4617 522 4682 nomine
543 4625 674 4688 sanctae
695 4625 727 4680 ct
747 4615 935 4680 individuae
955 4616 1120 4699 trinitatis,
1137 4616 1251 4703 patris,
1273 4613 1332 4680 filii
1352 4624 1384 4679 et
1405 4614 1539 4702 spiritns
1560 4615 1672 4696 sancn‘,

254 4719 306 4783 cui
325 4716 407 4799 laus,
431 4716 533 4782 honor
553 4725 584 4780 ct
605 4713 711 4801 gloria
732 4715 768 4780 in
788 4725 989 4802 perpetuum.
1027 4715 1140 4780 Amen.

335 4815 430 4881 Anno
452 4839 473 4880 a
493 4825 569 4881 nato
590 4814 731 4897 Christo,
760 4813 813 4880 dci
834 4813 900 4880 filio
920 4815 1096 4901 unigenito,
1123 4813 1328 4902 redemptore
1355 4823 1475 4896 nostro,
1503 4812 1670 4881 millesimo

213 4917 507 5004 40qningentesimo
534 4915 800 5002 quinquagesimo
829 4915 976 5002 septimo,
1003 4914 1057 4981 die
1084 4914 1248 4980 dominica
1269 4914 1416 4996 (lentate,
1444 4912 1529 4980 hors
1555 4913 1671 4980 duode-

333 5134 344 5183 1
366 5129 407 5183 Im
428 5129 552 5200 Original
569 5131 701 5188 erhaltcn.
738 5131 798 5200 vgt
816 5131 951 5190 Urkuudl.
971 5131 1094 5200 Quellen
1113 5131 1142 5188 S.
1161 5136 1218 5188 735.
