3756 6158
259 497 320 560 400
746 494 796 543 Die
813 494 1031 557 philosophiscbe
1048 492 1175 545 anuas

260 683 400 739 mentum
411 675 480 740 fore
496 672 716 737 infirmitatem
735 683 791 738 aut
811 672 997 739 absenciam
1017 674 1081 740 loci
1098 697 1140 741 ex
1158 697 1258 744 causa
1275 672 1473 756 rationabili,
1488 674 1542 740 vel
1556 675 1670 762 aliquid

260 772 349 838 aliud
370 796 429 859 per
451 772 637 837 facultatem
659 771 916 859 approbandum.

528 946 557 1005 5.
579 956 670 1016 ausa
688 956 816 1005 nscmo
841 957 910 1006 rao
932 955 1058 1022 runcis
1078 957 1199 1006 iunuu
1217 943 1398 1007 eorunm.¹

892 1076 952 1139 vgr.
970 1077 1004 1138 x,
1019 1075 1043 1127 s.

217 1199 234 1253 5
346 1189 429 1255 Item
448 1188 591 1274 quilibet,
611 1187 724 1253 volens
744 1188 857 1253 audire
877 1188 978 1254 libros
1000 1189 1043 1254 ad
1063 1190 1212 1276 gradum,
1236 1188 1338 1255 solum
1361 1189 1478 1255 audire
1489 1187 1586 1253 debet
1596 1185 1667 1251 duas

260 1286 414 1354 lectiones
435 1289 470 1352 in
491 1286 545 1352 die
567 1285 608 1352 de
626 1285 720 1353 libris
741 1286 784 1354 ad
806 1286 945 1376 gradum
967 1288 1187 1377 spectantibus
1210 1299 1243 1354 st
1259 1311 1325 1356 non
1345 1291 1467 1376 poterit
1487 1285 1602 1352 audire
1622 1285 1668 1350 ali·

186 1407 188 1412 ’
261 1410 360 1478 quam
379 1410 438 1475 pro
459 1389 562 1452 tercia
580 1385 730 1471 lectione,
749 1389 812 1454 nisi
839 1385 967 1475 loycam
986 1387 1132 1475 Heysbri
1158 1400 1215 1455 aut
1239 1387 1492 1472 retboricorum,
1522 1407 1606 1474 quae
1629 1395 1669 1450 est

257 1508 452 1554 concurrens
473 1509 548 1552 cum
567 1485 631 1551 illa.
671 1485 707 1552 Si
727 1509 805 1551 vero
830 1509 922 1552 aecus
945 1483 1032 1576 [11¹³]
1052 1488 1181 1571 fecerit,
1208 1487 1290 1555 tales
1318 1487 1395 1554 libri
1423 1509 1491 1554 non
1517 1494 1594 1552 sunt
1617 1482 1669 1551 sibi

259 1584 472 1675 computandi
493 1608 552 1673 pro
575 1584 696 1651 auditis
716 1585 760 1652 ad
777 1585 924 1674 gradum.

218 1765 250 1821 10
673 1758 704 1819 6.
730 1768 778 1816 na
797 1768 897 1818 nono
920 1748 1094 1819 souvuanr
1116 1770 1263 1820 raanan.

890 1887 952 1951 vu.
969 1889 1003 1950 x,
1020 1890 1044 1940 a

341 2003 424 2068 Item
446 2000 581 2086 quilibet
601 1999 840 2088 promovendus
861 2001 896 2064 in
918 2002 1042 2068 artibus
1063 2001 1161 2067 debet
1180 2001 1389 2068 effectualiter
1419 2013 1496 2090 post
1523 2004 1668 2090 inceptio

261 2125 334 2168 nem
345 2102 517 2167 lectionum
530 2112 562 2166 et
578 2100 811 2165 exercitiorum
830 2099 916 2164 infra
932 2123 1073 2167 mensem
1095 2125 1156 2188 pro
1175 2101 1282 2190 gradu
1303 2125 1362 2190 per
1383 2124 1457 2168 eum
1478 2102 1669 2168 auditorum²

262 2202 459 2268 satisfecisse
476 2223 550 2288 pro
573 2197 693 2265 eisdem
720 2197 924 2263 taxatoribus
955 2200 1047 2265 iuxta
1077 2210 1190 2265 texam
1219 2223 1240 2266 a
1269 2201 1425 2268 facultate
1452 2202 1586 2287 factam,
1617 2200 1669 2266 sub

224 2313 255 2368 15
264 2323 370 2390 poena
390 2321 456 2365 non
478 2299 727 2386 computationis
748 2297 833 2364 illius
853 2296 1001 2364 lectionis
1020 2297 1072 2363 vol
1093 2301 1255 2368 exercicii.
1302 2300 1444 2367 Tenetur
1466 2311 1578 2367 tamen
1603 2298 1670 2366 talis

260 2399 380 2466 nichilo
401 2399 508 2464 minus
530 2399 689 2485 magistro
709 2395 830 2484 legenti
851 2406 908 2461 aut
927 2397 1106 2484 disputanti
1127 2398 1272 2485 plenarie
1301 2401 1510 2486 satisfacere,
1531 2400 1614 2466 alias
1632 2397 1670 2463 ad

260 2508 458 2586 temptamen
491 2495 787 2583 magistrandorum
820 2518 885 2561 non
913 2496 1117 2583 admittatur,
1147 2501 1194 2564 sic
1222 2499 1308 2585 quod
1335 2522 1396 2587 pro
1422 2499 1617 2566 lectionibus
1641 2508 1670 2563 et

262 2599 442 2681 exerciciis,
464 2596 598 2663 sidives
611 2596 709 2661 fucrit
730 2595 799 2660 sive
820 2595 1008 2661 domicellus
1029 2584 1165 2663 alicuius
1188 2599 1339 2685 magistri
1359 2609 1416 2664 aut
1436 2598 1491 2665 hic
1515 2601 1583 2664 suis
1603 2619 1669 2686 pro

259 2700 341 2787 priis
356 2707 413 2763 aut
428 2718 558 2763 suorum
573 2704 745 2782 parentum
767 2695 818 2760 vel
838 2697 1014 2761 amicorum
1037 2704 1094 2761 aut
1115 2696 1250 2764 aliorum
1273 2697 1445 2784 stipendiis
1468 2708 1501 2763 et
1524 2698 1669 2785 expensis

216 2798 404 2864 20militans
426 2817 483 2861 seu
504 2794 650 2877 studens,
674 2793 779 2859 solvat
800 2802 916 2879 totum;
946 2799 972 2861 si
993 2817 1072 2861 vero
1095 2798 1130 2861 in
1155 2807 1249 2884 parte
1271 2797 1322 2863 vel
1342 2798 1376 2862 in
1396 2807 1465 2863 toto
1489 2818 1525 2861 se
1547 2818 1669 2862 auarum

259 2896 425 2963 laboribus
446 2916 598 2959 manuum
626 2903 682 2957 aut
712 2895 858 2958 serviciis
887 2896 989 2960 nutrit
1010 2905 1042 2960 et
1063 2905 1239 2980 sustentat,
1261 2919 1321 2983 pro
1346 2896 1544 2962 lectionibus
1565 2906 1668 2975 totum,

262 2997 319 3062 sed
338 3019 399 3083 pro
419 2995 601 3076 exerciciis,
624 2992 800 3058 secundum
821 2993 908 3081 quod
928 2993 1133 3060 taxatoribus
1156 2995 1336 3079 videbitur,
1362 2995 1487 3080 solvat3
1518 2998 1549 3061 si
1570 3005 1669 3060 autem

258 3099 386 3164 omnino
407 3116 549 3182 pauper,
569 3092 731 3159 redimere
751 3093 911 3179 signatum
933 3093 1049 3159 decani
1068 3117 1133 3160 non
1155 3094 1283 3178 valens,
1303 3095 1417 3179 fuerit,
1436 3095 1539 3161 nichil
1562 3092 1669 3160 solvat

745 3264 772 3325 7.
798 3276 845 3323 nn
866 3276 1188 3326 msrorsmorunos.

216 3390 249 3448 25
358 3387 360 3393 ’
882 3395 942 3458 vgt.
959 3396 993 3456 x,
1015 3396 1054 3448 ιι.

267 3551 268 3554 =
342 3512 424 3578 Item
445 3510 554 3576 nullus
571 3508 829 3574 baccalariorum
851 3507 947 3573 debet
966 3508 1093 3575 admitti
1114 3511 1156 3575 ad
1177 3520 1375 3597 temptamen
1399 3532 1461 3599 pro
1481 3511 1589 3596 ffadn
1608 3532 1666 3574 ma·

259 3613 396 3699 gisterii,
418 3613 481 3676 nisi
503 3611 538 3675 in
557 3609 758 3674 consciencia
781 3629 840 3672 sua
861 3605 957 3690 dicat,
978 3609 1064 3694 quod
1086 3613 1176 3697 prius
1197 3612 1231 3674 in
1252 3611 1386 3696 triginta
1400 3609 1666 3696 disputationibus

261 3710 436 3777 ordinariis
457 3707 717 3774 baccalariorum
739 3706 913 3793 arguebat,
937 3709 965 3771 si
985 3707 1092 3774 locum
1114 3709 1273 3796 arguendi
1294 3709 1415 3774 habere
1436 3713 1554 3796 potuit.

224 3871 225 3874 ,
340 3811 420 3875 Item
441 3806 546 3872 nullus
568 3806 824 3872 baccalariorum
845 3807 969 3870 arcium
991 3807 1180 3872 admittatur
1204 3807 1246 3872 ad
1266 3818 1464 3895 temptamen
1484 3811 1664 3896 magistran-

220 3911 389 3991 todorum,
413 3908 477 3971 nisi
498 3908 531 3970 in
553 3909 754 3971 consciencia
775 3905 951 3989 medicat,
974 3908 1060 3995 quod
1083 3909 1117 3970 in
1137 3908 1270 3993 triginta
1293 3908 1571 3994 disputacionibus
1592 3906 1664 3973 ordi·

261 4011 363 4074 uariis
376 4009 606 4092 magistrorum
619 4029 773 4093 praesens
786 4007 884 4070 fuerit
900 4015 968 4070 tam
988 4005 1054 4090 diu,
1075 4006 1177 4072 donec
1199 4006 1347 4072 adminus
1360 4008 1511 4095 ‘quinque
1531 4004 1663 4093 magistri

259 4106 451 4195 arguebant,
473 4107 500 4170 si
523 4104 637 4171 saltem
657 4115 705 4172 tot
724 4104 770 4171 ibi
791 4105 910 4171 fiterint
929 4107 1078 4192 magistri
1097 4115 1278 4193 arguentes.

659 4278 687 4341 8.
709 4289 756 4336 nn
777 4289 921 4338 ermom
942 4289 1273 4340 usalsramnouuu.

882 4410 943 4472 Vgl.
956 4411 989 4476 X,
1011 4410 1049 4461 12.

217 4538 250 4595 35
343 4525 425 4594 Item
440 4523 546 4590 nullus
564 4522 752 4588 admittatm
773 4523 816 4587 ad
839 4546 975 4589 examen
997 4547 1057 4611 pro
1077 4524 1184 4612 gradu
1203 4525 1383 4612 magisterii
1401 4525 1437 4589 in
1458 4523 1590 4606 ar·tibus,
1608 4517 1655 4585 nisi

263 4629 297 4692 in
312 4626 456 4712 collegiis
477 4633 532 4688 aut
550 4621 659 4688 bursis
681 4646 701 4687 a
721 4621 873 4688 facultate
892 4620 1084 4709 approbatis
1106 4626 1254 4690 continue
1276 4626 1400 4690 steterit
1421 4622 1532 4714 ibique
1553 4624 1585 4688 in
1602 4639 1654 4685 sco·

261 4725 385 4791 lasticis
407 4723 533 4789 actibus
554 4721 770 4805 latinizaudo,
791 4722 955 4808 arguendo
978 4733 1009 4787 et
1031 4723 1258 4812 respondendo
1283 4723 1473 4811 diligencius
1501 4726 1535 4789 in
1563 4718 1653 4787 ordint

266 4847 323 4891 suo
351 4848 385 4890 se
413 4822 656 4889 exercitaverit:
698 4823 762 4886 nisi
788 4821 872 4886 filius
903 4822 1044 4888 civitatis
1067 4819 1164 4888 fiterit
1190 4822 1243 4889 vel
1268 4823 1349 4916 alias
1376 4823 1459 4889 adeo
1485 4818 1652 4888 habundant

348 5013 358 5061 1
380 5007 434 5062 Die
453 5005 562 5062 Rubrik
579 5003 617 5057 ist
630 5002 681 5056 mit
697 5001 848 5056 schwaraer
865 4955 948 5057 'linfe
958 4968 1177 5076 ¹nacbgatragen.

346 5090 446 5146 IMau
463 5090 541 5145 sollte
562 5089 643 5161 iasra
663 5102 777 5140 mnsam
797 5083 889 5142 binler
908 5088 1065 5143 auditomm
1089 5094 1235 5159 crwarten,
1252 5087 1319 5146 aber
1335 5086 1408 5144 auch
1426 5086 1511 5159 VIII,
1528 5093 1545 5145 t
1560 5102 1585 5142 u.
1599 5082 1651 5152 ΧΑ

265 5173 301 5232 ia
315 5173 435 5231 dissolbe
451 5170 654 5245 Wortatellung
671 5170 721 5226 wie
738 5168 804 5225 bier.
