3756 6158
217 432 278 494 405
714 427 765 476 Die
784 426 1004 491 philosophische
1021 425 1149 481 Facultttt

220 621 314 676 textu
334 633 393 697 pro
417 618 561 697 tempore
584 607 680 674 simul
701 610 762 686 nti)
785 617 817 674 et
835 608 922 696 quod
944 609 1013 674 sine
1034 631 1134 675 causa
1155 608 1351 693 rationabili,
1368 608 1527 696 legittimo
1544 612 1641 699 impe·

224 710 365 787 dimento
384 717 540 792 cessante,
562 708 682 775 nullam
703 709 883 791 lectionem,
906 730 1004 796 quam
1024 709 1139 774 audim
1160 707 1282 791 debuit,
1304 718 1361 773 ant
1383 712 1592 793 exercicium,
1611 713 1642 778 in

218 833 283 898 qno
312 819 400 874 stare
428 807 556 890 debuit,
582 808 742 895 neglexit,
770 832 790 874 a
817 809 920 874 tercia
945 807 1084 874 lectione
1110 819 1166 873 aut
1195 809 1356 874 exercicio
1387 807 1431 874 ab
1463 808 1641 896 inceptione

145 993 148 999 Ι
220 907 454 996 computando,
477 917 524 990 et,
544 919 837 996 quantumcumque
869 909 992 995 potuit,
1024 909 1092 972 sine
1123 907 1198 973 dolo
1229 917 1261 972 et
1288 906 1404 975 fraude
1432 928 1453 970 a
1485 908 1641 996 principio

175 1020 192 1074 5
219 1031 322 1096 usque
345 1007 505 1073 adfinem
527 1006 673 1072 lectionis
697 1017 753 1073 aut
780 1009 933 1073 exercicii
961 1009 1155 1094 permansit,
1183 1029 1244 1072 nec
1272 1006 1332 1074 sub
1361 1029 1428 1072 una
1456 1005 1540 1072 bora
1567 1007 1640 1072 duas

217 1108 371 1174 lectiones
387 1116 444 1171 aut
460 1105 525 1171 duo
546 1109 709 1173 exercicia
730 1107 854 1190 habuit,
876 1123 981 1194 neque
1002 1107 1088 1173 ultra
1110 1107 1193 1174 duas
1213 1105 1370 1173 lectiones
1391 1129 1459 1179 una
1481 1106 1535 1171 die
1556 1107 1640 1172 audi·

218 1209 280 1291 vit,
309 1206 440 1293 dempto
469 1205 655 1288 Prisciano,
684 1229 779 1293 quem
806 1216 866 1294 pro
893 1209 995 1272 tercia
1021 1206 1142 1272 habere
1169 1215 1285 1294 potest.
1337 1204 1504 1285 Quotiens
1539 1214 1641 1271 autem

219 1307 416 1371 exercicium
443 1315 500 1370 aut
526 1304 697 1370 lectionem
727 1308 797 1371 sive
820 1307 975 1372 lectiones
1001 1305 1147 1392 neglexit
1168 1304 1220 1370 vel
1243 1328 1264 1370 a
1289 1305 1453 1392 principio
1479 1305 1640 1393 usquead

218 1406 315 1471 finem
337 1429 403 1471 non
423 1406 610 1494 permansit,
632 1415 664 1469 et
685 1428 795 1470 omnes
818 1405 899 1472 alios
920 1405 1075 1470 deffectus
1098 1427 1173 1470 snos
1196 1404 1293 1471 debet
1311 1408 1345 1470 in
1366 1403 1485 1470 cedula
1516 1426 1640 1469 suorum

179 1515 211 1571 10
221 1516 364 1587 actuum,
392 1517 540 1593 tempore
568 1503 820 1591 dispensationis
847 1503 1103 1592 praesentanda,
1127 1528 1200 1569 cum
1221 1527 1335 1589 causa,
1357 1507 1386 1570 si
1412 1525 1514 1593 quarn
1539 1502 1641 1585 habet,

218 1604 422 1671 conscribere
435 1616 467 1669 et
479 1605 672 1691 exprimere,
695 1614 726 1668 et
747 1603 887 1691 desuper
901 1603 1183 1691 'dispensationem
1204 1606 1324 1691 petere.
1358 1605 1529 1692 Reputant
1541 1611 1641 1668 autem

220 1706 382 1791 magistri,
403 1705 600 1790 legittimum
614 1703 878 1791 impedimentum
894 1704 964 1769 fore
980 1703 1201 1770 infirmitatem
1223 1696 1281 1771 aut
1300 1692 1490 1775 absentiam
1511 1701 1576 1768 loci
1596 1700 1642 1767 vel

222 1804 354 1891 aliquod
376 1803 467 1869 aliud
488 1825 548 1890 per
568 1802 756 1868 facultatem
775 1802 1034 1890 approbandum.

639 1977 668 2036 4.
690 1987 738 2034 un
758 1987 860 2035 nono
883 1984 1058 2035 souvaum
1078 1982 1227 2035 rasruu.
1296 1956 1306 1972 ”

182 2071 256 2167 ω’
417 2159 424 2163 ,
870 2106 932 2170 vgs
948 2106 987 2167 x,
1005 2108 1029 2156 r.

308 2219 390 2284 Item
413 2218 548 2306 quilibet
570 2218 809 2308 promovendus
830 2214 865 2284 in
886 2218 1012 2295 artibus
1035 2218 1131 2284 debet
1152 2217 1363 2284 effectualiter
1390 2225 1467 2306 post
1495 2219 1643 2307 inceptio

221 2342 295 2385 nem
316 2317 544 2383 lectionumet
565 2314 793 2393 exercitiorum
814 2320 900 2407 infra
919 2341 1063 2406 mensem
1083 2328 1142 2406 pro
1162 2317 1268 2405 gradu
1289 2340 1348 2406 per
1371 2331 1445 2382 eum
1466 2318 1644 2385 auditorum

226 2419 444 2489 satisfecisse¹
473 2440 534 2505 pro
573 2416 693 2482 eisdem
729 2411 941 2485 taxatoribus
966 2420 1068 2503 iuxta,
1098 2430 1212 2483 taxam
1248 2440 1268 2483 a
1301 2416 1457 2483 facultate
1489 2419 1639 2506 positam,

224 2516 284 2582 sub
305 2539 412 2605 poena
430 2540 495 2582 non
515 2519 763 2604 computationis
791 2517 877 2583 illius
907 2518 1055 2583 lectionis
1082 2517 1136 2583 vel
1163 2518 1324 2582 exercicii
1366 2515 1514 2584 Tenetur
1541 2527 1644 2591 tamen

180 2618 302 2684 totalis
322 2616 549 2684 nichilominus
569 2617 725 2702 magistro
747 2616 868 2704 legenti
890 2627 946 2704 aut
967 2616 1148 2704 disputanti
1174 2616 1321 2704 plenarie
1344 2616 1547 2711 satisfacere,
1568 2615 1645 2683 dra

226 2718 269 2783 ad
291 2739 428 2783 examen
449 2715 775 2801 baccalariandorum
795 2715 862 2783 no'n
890 2717 1097 2799 admittatur,
1124 2716 1172 2782 sio
1191 2715 1282 2801 ⁴quod
1310 2739 1372 2803 pro
1402 2715 1596 2785 lectionibus
1616 2725 1645 2780 et

224 2818 413 2899 exerciciis,
436 2817 464 2880 si
483 2814 576 2883 dives
595 2815 693 2881 fuerit
703 2866 712 2900 ,
734 2816 858 2881 scilicet
880 2814 1070 2892 domicellus
1097 2815 1234 2905 alicuius
1263 2817 1414 2903 magistri
1435 2823 1493 2880 aut
1513 2815 1568 2880 bic
1589 2813 1644 2879 sub

221 2917 365 3004 propriis
390 2926 447 2980 aut
467 2925 638 3003 parentum
661 2938 790 2980 suorum
812 2914 866 2979 vel
887 2916 1065 2979 amicorum
1085 2908 1143 2979 aut
1169 2913 1307 2979 aliorum
1335 2914 1510 3001 stipendiis
1537 2922 1570 2980 et
1595 2936 1645 2979 ex·

226 3018 337 3104 pensis
365 3014 509 3079 militans
537 3037 595 3079 seu
623 3014 776 3098 studens,
804 3013 923 3085 solvatt
955 2999 1057 3079 fotum
1094 3013 1271 3079 secundum
1303 3022 1416 3079 taxam
1448 3037 1469 3080 a
1496 3009 1647 3079 facultate

183 3125 217 3182 25
229 3117 366 3198 factam3
392 3116 517 3179 sivero
537 3115 572 3177 in
594 3122 686 3200 parte
698 3113 759 3179 ⁴vel
779 3115 814 3179 in
835 3124 901 3180 toto
930 3137 964 3180 se
991 3135 1124 3180 suarum
1143 3112 1310 3179 laboribus
1330 3135 1485 3203 mannum
1507 3123 1564 3180 aut
1583 3135 1645 3178 ser-

226 3216 321 3280 viciis
337 3215 439 3278 nutrit
451 3222 482 3278 et
496 3221 662 3295 sustentat,
684 3236 744 3300 pro
762 3213 953 3279 lectionibus
974 3223 1088 3296 totum,
1112 3211 1170 3278 sed
1189 3236 1249 3300 pro
1271 3213 1452 3297 exerciciis,
1474 3211 1645 3279 secundum

227 3313 314 3404 quod
335 3310 539 3378 taxatoribus
562 3311 735 3395 videbitur,
758 3312 871 3378 solvat
915 3312 951 3378 Si
972 3335 1051 3379 vero
1074 3313 1203 3382 omnino
1224 3334 1358 3400 pauper,
1382 3309 1469 3400 [lbb]
1490 3311 1645 3381 redimere

223 3415 384 3502 signatum
406 3411 520 3505 decani
540 3434 605 3476 non
629 3410 759 3494 valens,
781 3413 886 3495 firerit,
908 3411 1009 3481 nichil
1030 3410 1143 3477 solvat.
1332 3404 1333 3408 ¹
1371 3410 1375 3416 ’

592 3584 619 3642 5.
646 3597 693 3643 nx
717 3596 880 3644 rumora
903 3564 1297 3644 excommmuuoaou.'

183 3689 217 3745 30
860 3699 920 3762 Vgl.
939 3697 972 3762 X,
993 3698 1017 3749 9.

310 3795 390 3859 Item
412 3795 518 3861 nullus
538 3794 633 3860 debet
654 3795 781 3861 admitti
802 3795 844 3862 ad
866 3818 1004 3861 examen
1034 3793 1287 3877 baccalariatus,
1316 3796 1371 3881 qui
1399 3797 1493 3883 prius
1521 3798 1555 3863 in
1583 3797 1641 3862 alia

227 3897 438 3960 universitate
452 3919 516 3960 non
537 3898 633 3978 stetit,
654 3898 717 3960 nisi
739 3896 887 3960 adruinus
909 3898 942 3959 in
963 3897 1027 3960 ista
1048 3888 1192 3960 steterit²
1214 3895 1307 3981 quasi
1329 3893 1372 3958 ad
1393 3894 1534 3961 alterum
1555 3896 1641 3962 dimi·

224 3995 313 4060 dium
326 4017 455 4076 annum,
478 4004 523 4059 ett
541 3995 603 4060 hoc
622 3993 731 4082 ‘quasi'
755 4018 819 4061 non
840 3995 999 4060 diminuet
1020 3995 1094 4082 plus
1117 4017 1214 4083 quam
1237 4017 1295 4059 sex
1315 3996 1528 4081 septimanas.
1569 3996 1643 4061 Item

230 4095 339 4160 nullus
358 4097 492 4159 veniens
514 4094 555 4159 de
574 4094 639 4161 alia
659 4097 870 4161 universitate
893 4096 1080 4182 promoveri
1101 4093 1197 4159 debet
1218 4093 1261 4159 ad
1285 4094 1423 4180 gradum
1448 4095 1641 4162 baccalaria·

183 4205 292 4277 attus,
313 4196 378 4258 nisi
404 4195 494 4280 prius
522 4197 646 4260 steterit
675 4197 710 4259 in
739 4197 802 4260 ista
830 4197 1042 4260 universitate
1071 4217 1130 4282 per
1152 4193 1293 4259 medium
1314 4216 1445 4278 annum,
1466 4207 1502 4262 et
1521 4198 1555 4262 in
1574 4199 1641 4277 istu,

229 4294 315 4359 unde
330 4294 465 4376 venerit,
488 4295 590 4358 eciam
611 4295 696 4359 ultra
711 4295 859 4360 medium
880 4318 1010 4378 annum,
1032 4303 1065 4359 et
1084 4293 1257 4368 dummodo
1280 4293 1478 4363 sufficientes
1498 4297 1639 4364 informs·

227 4395 330 4459 tiones
352 4394 465 4458 fecerit
488 4392 528 4457 de
550 4393 713 4459 auditione
734 4395 891 4460 librorum
914 4396 948 4460 in
970 4393 1035 4458 alia
1057 4395 1279 4460 universitate.

529 4550 558 4611 6.
586 4562 633 4609 ua
654 4562 949 4612 respousmumus
969 4561 1356 4621 nsocmsanroosuue

850 4665 910 4729 Vgl.
928 4666 960 4724 X,
982 4665 1020 4715 10.

185 4771 218 4826 to
309 4762 392 4826 Item
413 4760 518 4826 nullus
541 4761 637 4827 debet
658 4762 786 4828 admitti
808 4762 852 4828 ad
871 4785 1009 4828 examen
1030 4785 1090 4849 pro
1110 4762 1216 4849 modu
1241 4764 1484 4831 baccalariatus
1511 4767 1544 4831 in
1571 4764 1635 4829 arti·

228 4860 299 4943 bns,
316 4862 380 4925 nisi
398 4861 504 4925 sexies
521 4862 727 4948 responderit
738 4862 903 4927 ordinarie
917 4872 949 4927 et
963 4863 1086 4927 tociens
1110 4864 1369 4930 extraordinarie
1390 4875 1458 4930 tam
1482 4863 1634 4952 magistris

314 5032 325 5081 l
344 5025 530 5082 Gescbrieben
547 5025 621 5082 steht
636 5027 804 5098 eotbfcciaae
821 5037 846 5083 et
860 5045 917 5100 pro
936 5029 1044 5085 eaden.
1099 5064 1102 5071 ,

312 5112 446 5166 lateterr‘t
460 5110 538 5168 fehlt
666 5171 670 5174 ,
716 5174 719 5178 A
