3756 6158
743 461 794 514 Dis
812 461 1032 526 philosophische
1048 461 1176 517 Facultit.

668 683 696 742 7.
718 695 765 743 ns
787 692 887 742 nono
910 694 1083 744 souvnsm
1103 693 1251 751 rasron.
1319 767 1322 772 .

807 814 868 877 Vgl.
887 814 933 876 VI,
952 815 976 866 o.
995 814 1069 873 VIII,
1088 814 1113 865 4.

327 927 412 993 Item
432 927 563 993 videtur
589 928 755 1015 magistris
778 928 818 994 de
840 926 975 994 consilio
1002 928 1168 995 facultatis
1195 951 1256 1017 pro
1284 929 1429 995 eiusdem
1455 926 1596 995 utilitate
1621 949 1670 1003 ex·

249 1025 373 1113 pedire,
398 1027 485 1114 quod
506 1035 619 1114 pastus
649 1049 706 1092 seu
727 1025 893 1092 sallarium
915 1050 976 1115 pro
997 1027 1189 1094 lectionibus
1210 1040 1242 1094 et
1264 1030 1433 1095 exerciciis
1457 1030 1586 1114 integre
1605 1050 1670 1116 per·

172 1166 176 1173 ν
206 1135 223 1192 5
250 1126 394 1193 solvatur
428 1126 603 1192 secundum
628 1126 760 1191 modum
783 1126 896 1193 talem:
920 1127 1026 1216 ‘quod
1057 1127 1192 1215 quilibet
1219 1127 1458 1216 promovendus
1487 1130 1524 1192 in
1552 1125 1670 1193 artibus

250 1227 460 1294 effectualiter
472 1249 532 1314 per
543 1228 733 1314 peccuniam
754 1238 811 1292 aut
830 1230 949 1319 pignus
971 1226 1152 1293 sufficiens¹
1173 1237 1247 1315 post
1265 1229 1483 1315 inceptionem
1504 1226 1670 1299 lectionum

249 1336 282 1393 et
302 1328 537 1405 exerciciorum
556 1326 642 1391 infra
663 1342 815 1411 mensem,
842 1351 902 1415 pro
921 1327 1027 1414 gradu
1052 1327 1111 1428 per
1132 1349 1205 1393 eum
1226 1327 1437 1411 auditorum²,
1466 1325 1568 1393 (lebet
1586 1337 1670 1393 taxa

251 1426 376 1494 toribus
404 1426 567 1492 facultatis
591 1427 689 1492 iuxta
717 1436 830 1491 toxam
851 1450 871 1492 a
892 1425 1045 1493 facultate
1070 1419 1212 1515 positam
1233 1450 1293 1515 pro
1315 1426 1440 1493 eisdem
1469 1426 1670 1508 satisfecisse,

250 1528 311 1596 sub
332 1550 438 1616 poena
465 1549 529 1592 non
558 1527 808 1612 computationis
834 1527 927 1592 istius
949 1526 1097 1593 lectionis
1118 1527 1171 1593 vel
1201 1529 1360 1593 exercicii
1403 1527 1552 1592 Tenetur
1571 1535 1670 1593 tanim

210 1627 328 1693 totalis
349 1626 576 1703 nichilominus
597 1626 753 1711 magistro
775 1612 894 1711 legenti
915 1636 972 1692 aut
992 1625 1178 1712 disputanti
1191 1626 1345 1742 plenarie
1363 1619 1566 1709 satisfacere,
1597 1626 1669 1692 alias

249 1727 292 1792 ad
314 1749 452 1797 examen
475 1724 527 1791 vel
544 1733 751 1811 temptamen
773 1747 976 1813 nequaquam
999 1725 1199 1810 admittatur,
1227 1728 1275 1791 sic
1295 1726 1382 1814 quod
1401 1748 1463 1817 pro
1484 1725 1669 1792 lectionibus

249 1834 281 1891 et
310 1827 491 1909 exerciciis,
518 1827 546 1889 si
576 1823 668 1889 dives
694 1824 800 1908 fuerit,
830 1824 954 1895 scilicet
981 1826 1170 1892 domicellus
1197 1825 1333 1892 alicuius
1361 1826 1515 1912 magistri
1543 1835 1599 1890 aut
1624 1825 1669 1890 bic

247 1927 316 1991 suis
336 1928 479 2042 propriis
501 1932 558 1991 aut
579 1934 750 2012 parentum
772 1947 904 2007 suorum
924 1924 976 1991 vel
1004 1929 1183 1992 amicorum
1206 1936 1262 1991 aut
1287 1925 1425 1992 aliorum
1451 1915 1624 2013 stipendiis
1643 1935 1669 1989 et

250 2027 402 2113 expensis
432 2025 575 2091 militans
604 2046 660 2115 seu
688 2016 834 2107 studens,
865 2024 971 2090 solvat
996 2034 1097 2091 totum
1128 2025 1304 2091 secundum
1334 2034 1448 2090 texam
1478 2048 1500 2090 a
1527 2024 1668 2091 facultate

209 2135 240 2191 15
250 2126 442 2210 factam,
417 2149 445 2190 ιι
465 2146 543 2204 vero
566 2124 601 2188 in
618 2105 713 2210 parte
731 2122 815 2191 vel
805 2146 839 2188 m
860 2132 928 2189 toto
948 2146 984 2189 se
1006 2147 1138 2190 suarum
1158 2114 1324 2190 laboribus
1345 2146 1502 2190 mannum
1529 2132 1586 2191 aut
1612 2147 1666 2190 ser·

249 2225 344 2290 viciis
371 2226 473 2289 nutrit
491 2219 525 2289 et
552 2230 720 2306 sustentat,
748 2244 809 2309 pro
835 2222 1028 2290 lectionibus
1056 2233 1168 2306 totum,
1198 2223 1256 2289 sed
1281 2247 1341 2312 pro
1368 2224 1543 2290 exerciciis
1571 2223 1665 2290 solvat

250 2323 427 2390 secundum
449 2322 575 2429 quoda
596 2320 802 2397 taxatoribus
824 2322 921 2388 fuerit
942 2331 1107 2406 taxatum3
1136 2325 1263 2389 sivero
1285 2324 1413 2390 omnino
1435 2345 1574 2421 pauper,
1595 2320 1664 2389 redi·

250 2445 338 2490 mere
366 2425 526 2510 signatum
536 2412 670 2527 decani
695 2444 761 2489 non
780 2420 910 2507 valens,
937 2422 1050 2504 fuerit,
1080 2421 1148 2487 de
1148 2445 1212 2510 quo
1240 2431 1389 2489 constare
1416 2424 1553 2511 poterit,
1580 2421 1664 2489 nicll

190 2589 195 2599 ,
248 2521 363 2589 solvat.

204 2665 239 2722 20
465 2660 495 2724 8·
517 2672 578 2734 QUI
597 2673 692 2721 LIBRI
712 2672 868 2722 Possum*
889 2669 1011 2721 numm
1033 2672 1102 2721 PRO
1126 2644 1252 2722 Tuscu
1272 2671 1458 2736 ῙιΕὓΟΙΟΝΕ.

489 2791 492 2794 ·
878 2790 940 2853 vgr
961 2790 1007 2855 ιι,
1024 2791 1049 2841 5.
1114 2790 1124 2817 ι

329 2875 411 2973 Item
433 2904 568 2994 quilibet
589 2904 702 2970 volens
723 2904 836 2970 audire
857 2904 959 2971 libros
980 2904 1024 2970 ad
1044 2904 1202 2992 gradum,
1216 2904 1320 2971 solum
1341 2904 1457 2972 andire
1479 2905 1577 2972 (lebet
1595 2905 1662 2971 duas

246 3006 438 3072 lectiones
429 3029 464 3070 m
493 3004 547 3070 die
576 3005 617 3070 de
647 3005 749 3071 libris
769 3004 813 3069 ad
841 3004 974 3090 gradus,
1003 3014 1036 3069 et
1064 3028 1130 3070 non
1159 3006 1281 3092 poterit
1308 3005 1423 3072 audire
1450 3005 1592 3094 aliquam
1614 3026 1661 3092 pro

247 3107 359 3189 tercia,
380 3106 445 3171 nisi
465 3106 669 3190 Priscianum
690 3106 847 3173 minorem
866 3113 898 3170 et
918 3103 1048 3234 loycam
1069 3104 1222 3171 Heissbri
1243 3114 1304 3187 aut
1320 3105 1569 3190 rethoricomm,
1594 3125 1661 3194 quae

205 3216 298 3273 25est
320 3228 525 3273 concurrens.
1140 3226 1143 3234 ·

529 3420 530 3423 Ἴ
645 3342 676 3404 9.
695 3357 743 3404 ns:
765 3355 930 3405 rsnroan
951 3353 1279 3404 rsouovssoosuu.

866 3475 927 3538 Vgl.
943 3474 1017 3535 vm,
1034 3475 1061 3525 5.

329 3593 411 3658 Item
433 3589 540 3656 nullus
563 3562 659 3655 debet
685 3588 812 3654 admitti
839 3588 883 3654 ad
910 3611 1047 3654 examen
1071 3588 1320 3673 baccalariatus,
1350 3591 1408 3679 qui
1428 3591 1527 3678 prius
1553 3593 1585 3658 in
1608 3588 1659 3655 alis

248 3693 461 3760 universitate
482 3686 567 3781 [18¹³]
589 3712 653 3754 non
680 3691 777 3772 stetit,
805 3691 869 3753 nisi
890 3687 1069 3754 adminus
1060 3713 1095 3754 ιιι
1120 3691 1184 3754 ista
1204 3691 1417 3761 universitate
1439 3693 1565 3758 steterit
1583 3689 1658 3778 quasi

206 3793 293 3859 asad
317 3791 455 3857 alterum
481 3788 649 3854 dimidium
666 3798 868 3903 annum,et
837 3782 977 3854 ethoc
982 3780 1092 3877 quasi
1118 3811 1183 3853 non
1205 3788 1380 3854 diminuet³
1408 3787 1483 3877 plus
1501 3813 1595 3879 quam
1612 3809 1657 3853 sex

250 3895 457 3980 septimanas.
500 3886 546 3954 Et
575 3888 682 3953 nullus
712 3890 846 3954 veniens
876 3887 916 3953 de
950 3887 1015 3952 alia
1045 3889 1257 3954 universitate
1290 3891 1478 3976 promoveri
1504 3890 1600 3955 debet
1624 3884 1656 3950 ad

249 3991 386 4080 gradum
398 3989 646 4069 baccalarratus
669 3990 733 4053 nisi
756 3990 849 4076 prius
863 3989 990 4052 steterit
1009 3989 1044 4051 in
1066 3989 1131 4053 ista
1152 3989 1309 4053 universit
1296 3998 1363 4054 tate
1385 3989 1528 4056 medium
1547 4009 1654 4066 annum,

249 4103 281 4157 et
301 4088 473 4180 dummodo
497 4088 656 4154 sufficient
643 4099 691 4153 tes
712 4089 958 4187 informationes
982 4088 1098 4152 fecerit
1119 4086 1160 4154 de
1179 4086 1345 4153 auditione
1372 4071 1560 4155 librorum
1551 4112 1583 4154 m
1605 4084 1653 4151 alia

249 4173 468 4258 universitate.

207 4335 240 4392 35
574 4329 622 4390 10.
644 4339 692 4387 ns
713 4290 1006 4387 ssssousmrunus
1027 4336 1354 4387 rsonovnsoonuu.

405 4426 408 4429 ’
808 4459 869 4521 vgr.
888 4459 934 4539 ιι,
952 4458 976 4510 a.
994 4454 1109 4520 v1n‚‘o.

333 4575 416 4640 Item
436 4571 543 4638 nullus
566 4571 663 4638 debet
684 4572 813 4638 admitti
835 4571 878 4637 ad
899 4564 1036 4637 examen
1057 4571 1110 4639 vel
1131 4569 1175 4638 ad
1194 4581 1393 4660 temptamen
1413 4573 1449 4639 in
1469 4573 1589 4639 artibus
1605 4589 1649 4656 pro

251 4675 356 4762 gradu
387 4672 627 4739 baccaleriatus
657 4682 714 4738 aut
743 4672 938 4760 magisterii,
971 4672 1034 4736 nisi
1072 4674 1178 4737 sexies
1210 4672 1418 4760 responderit
1450 4671 1604 4739 ordinarie
1627 4676 1650 4730 ot

251 4776 375 4841 tociens
395 4771 664 4856 extraordinarie,
692 4774 739 4837 ita
761 4771 847 4859 quod
869 4769 1004 4859 quilibet
1024 4771 1267 4865 magistrandqs
1286 4772 1437 4843 adminus
1458 4782 1577 4862 quater,
1593 4768 1649 4835 bac

333 4979 344 5028 1
363 4971 417 5026 Die
434 4971 533 5026 Worte
549 4977 599 5025 cat
610 4971 715 5041 piparas
729 4971 869 5043 sufficiens
886 4968 947 5024 sind
967 4971 1060 5039 epiter
1076 4967 1311 5040 efngeklammert.

332 5061 346 5109 2
365 5056 473 5131 Wegen
492 5055 541 5110 der
559 5054 747 5109 auffallenden
764 5053 967 5123 Wortstellung
988 5053 1043 5123 rgl
1060 5053 1131 5110 oben
1149 5055 1200 5123 VI,
1219 5059 1277 5110 tu
1294 5052 1373 5124 VIII,
1391 5060 1415 5111 4.

330 5146 345 5196 3
364 5139 463 5210 Spiter
479 5139 516 5194 ist
527 5141 666 5194 dr'mioaet
682 5138 712 5194 in
728 5140 857 5196 diminuit
875 5137 1016 5209 geindert.
