3756 6158
684 485 733 531 Die
751 482 869 531 Statuten
889 496 942 530 von
965 481 1144 532 lter-1537.
1569 479 1630 542 239

207 668 353 754 perforet
380 666 432 729 vel
462 665 622 746 destruat,
655 686 758 751 neque
786 667 895 749 ignem
923 662 975 726 vel
1009 662 1113 726 focum
1146 663 1179 724 in
1207 661 1343 726 comodo
1372 683 1436 725 non
1464 656 1634 723 stubellato

211 769 314 831 faeiat
337 765 389 829 vel
413 768 527 852 erigat,
549 763 609 828 sub
632 787 735 850 poena
759 761 884 827 dimidii
906 762 1019 826 floreui
1040 771 1094 823 aut
1115 761 1240 842 maiori,
1263 760 1366 824 eidem
1386 781 1445 846 per
1467 757 1636 842 collegium

206 864 388 929 dictanda¹

288 972 319 1029 5.
351 964 431 1027 Item
453 961 559 1026 nullus
581 973 725 1046 tempore
748 963 907 1025 serotinae
938 959 1169 1045 disputationis
1191 968 1416 1046 opponentem,
1437 958 1634 1044 responden-

204 1073 280 1144 tem,
314 1072 504 1147 arguentem
535 1071 590 1125 aut
623 1082 843 1146 quemcunque
875 1059 974 1123 alium
1006 1070 1143 1144 protunc
1173 1069 1376 1144 praesentem
1407 1068 1439 1122 et
1463 1059 1630 1143 potissime
1656 1071 1672 1122 5

206 1171 434 1228 conventorem
457 1159 656 1246 strepitibus,
689 1158 935 1245 pulsationibus,
970 1157 1165 1222 clamoribus
1196 1167 1253 1221 aut
1284 1157 1526 1244 quibuscunque
1557 1158 1630 1222 aliis

205 1261 364 1325 molestiis
385 1260 436 1324 vel
458 1258 685 1323 vexationibus
706 1257 863 1345 impediat
882 1281 938 1322 seu
960 1255 1135 1342 perturbet,
1165 1256 1224 1320 sub
1246 1279 1350 1342 poena
1375 1259 1515 1344 quinque
1540 1279 1630 1343 gros·

206 1381 315 1424 sorum
337 1357 605 1424 irremissibiliter
622 1357 924 1444 persolvendorum.

289 1464 320 1522 6.
341 1459 423 1522 Item
446 1456 582 1544 quilibet
601 1479 725 1521 moram
746 1457 869 1521 babens
890 1458 924 1520 in
946 1456 1008 1521 hoc
1029 1455 1164 1538 collegio
1187 1465 1242 1519 aut
1266 1467 1358 1519 extra
1379 1456 1490 1520 volens
1509 1458 1631 1521 intrare

210 1559 386 1621 serotinam
411 1556 660 1643 disputationem
683 1555 779 1620 debet
800 1579 870 1619 esse
891 1555 1062 1638 obligatus,
1090 1567 1126 1618 ut
1156 1557 1344 1620 conventori
1370 1556 1421 1619 vel
1452 1546 1627 1621 collectori·
1641 1569 1672 1622 10

208 1656 267 1720 bus
290 1657 333 1721 ad
355 1657 416 1721 hoc
438 1655 599 1743 deputatis
627 1678 743 1720 nomon
775 1679 867 1720 suum
896 1656 928 1717 in
957 1654 1087 1739 scriptis
1115 1653 1238 1734 tradat,
1268 1654 1328 1719 sub
1354 1679 1460 1741 poena
1489 1657 1630 1743 quinque

208 1778 408 1841 grossorum.

292 1861 322 1919 7.
351 1853 433 1919 Item
461 1851 568 1918 nullus
596 1863 671 1917 ante
700 1853 750 1917 vel
783 1863 856 1939 post
885 1852 1136 1938 disputationem
1160 1847 1243 1938 [15³³]
1268 1853 1440 1917 serotinam
1473 1855 1507 1918 in
1536 1854 1631 1919 stuba

209 1953 447 2019 communitatis
470 1950 628 2016 clamores
651 1951 821 2016 horribiles
844 1963 900 2015 aut
923 1950 1034 2037 pulsus
1057 1949 1202 2014 insolitos
1224 1951 1325 2015 faciat
1345 1951 1396 2016 vel
1422 1951 1561 2040 aliquem
1588 1953 1630 2018 ad

209 2053 313 2117 soleas
336 2053 448 2133 ducat,
476 2074 536 2116 nec
557 2052 638 2116 inibi
662 2073 868 2138 quoscunque
895 2050 988 2114 ludos
1014 2073 1077 2114 non
1101 2048 1309 2115 scholasticos
1331 2063 1497 2136 exerceat,
1526 2076 1629 2140 neque
1643 2066 1672 2119 15

208 2175 300 2216 arma
320 2173 377 2215 seu
399 2151 516 2215 lutinas
530 2150 582 2214 vel
604 2172 811 2237 quaecunque
825 2149 890 2214 alia
908 2149 1075 2214 musicalia
1095 2150 1308 2213 instrumenta
1329 2162 1383 2215 aut
1406 2152 1503 2216 etiam
1523 2155 1630 2218 nivem

207 2250 340 2316 hiemali
362 2260 516 2337 tempore,
537 2249 710 2314 alios‘cum
730 2249 957 2314 iamdictamm
977 2271 1084 2313 rerum
1106 2247 1210 2312 abusu
1232 2250 1264 2312 in
1287 2250 1392 2315 studio
1414 2251 1630 2337 impediendo,

207 2349 250 2414 ad
278 2349 415 2414 eandem
447 2349 576 2413 stubam
605 2351 758 2434 importet
780 2348 831 2412 vel
859 2369 1065 2435 quoscunque
1096 2346 1177 2412 alios
1207 2371 1359 2414 excessus
1388 2349 1509 2414 ibidem
1538 2373 1628 2416 exer-

207 2471 280 2514 cere
315 2456 516 2535 praesumat,
554 2446 614 2512 sub
647 2470 752 2533 poena
784 2447 895 2512 decem
932 2469 1119 2532 grossorum
1152 2447 1417 2513 irremissibiliter
1445 2449 1629 2535 persolven-

208 2548 333 2613 dorum.
461 2617 466 2624 ,
839 2630 842 2637 ,
1637 2562 1671 2616 10

290 2649 318 2712 8.
348 2647 430 2711 Item
451 2645 557 2711 nullus
578 2647 835 2732 conspirationes
857 2658 913 2711 aut
934 2644 1159 2710 conventicula
1179 2647 1287 2728 latiat,
1310 2670 1351 2713 ex
1373 2648 1490 2735 quibus
1512 2653 1544 2714 in
1567 2651 1629 2715 col·

205 2744 292 2831 legio
308 2745 500 2827 discordiae,
516 2745 742 2827 dissensiones,
763 2747 963 2827 offensiones,
985 2744 1122 2810 insidtus
1145 2754 1201 2809 aut
1219 2768 1437 2831 quaecumque
1460 2748 1524 2813 alia
1545 2754 1628 2836 peri-

207 2844 280 2909 cula
301 2846 432 2910 evenIre
451 2847 592 2932 possint,
614 2846 673 2910 sub
696 2868 800 2933 poena
822 2845 920 2910 medii
942 2844 1071 2927 floroni3
1100 2865 1159 2909 nec
1180 2843 1278 2910 aliurn
1299 2846 1510 2932 corporaliter
1532 2851 1628 2915 offen·

207 2941 273 3027 dat,
296 2943 356 3009 sub
380 2967 485 3031 poena
504 2946 630 3028 maiori,
652 2945 715 3009 sibi
736 2969 795 3032 per
817 2944 985 3028 collegium
1006 2943 1168 3010 dictanda.

290 3067 318 3128 9.
352 3061 433 3127 Item
460 3061 565 3125 nullus
595 3060 635 3125 de
667 3061 719 3126 die
750 3072 807 3126 aut
835 3069 928 3125 nocte
956 3060 1106 3146 proiiciat
1138 3062 1295 3129 stramina
1325 3063 1375 3126 vel
1405 3063 1556 3150 pulveres
1587 3067 1670 3133 deta

206 3161 358 3227 fenestiis
381 3163 458 3242 suis,
487 3160 545 3225 sed
567 3168 606 3225 ea
626 3161 677 3225 vel
699 3182 752 3225 eos
776 3160 925 3245 deportet
951 3169 1007 3224 aut
1032 3158 1199 3246 deportari
1223 3161 1318 3226 fatiat
1346 3161 1388 3225 ad
1408 3163 1513 3228 locum
1542 3168 1629 3231 circa

208 3262 420 3349 posteriorem
442 3261 621 3347 coquinam,
646 3283 705 3346 pro
729 3258 911 3324 huiusmodi
931 3257 1028 3322 robus
1049 3256 1331 3346 repo[16⁸]nendis
1346 3261 1545 3348 deputatum,
1568 3268 1627 3331 sub

208 3383 314 3449 poena
336 3359 446 3425 decem
468 3374 508 3443 pt.
534 3359 799 3424 irremissibiliter
820 3358 1116 3447 persolvendorum.

292 3484 339 3544 10.
363 3476 443 3542 Item
465 3475 601 3563 quilibet
621 3475 815 3556 studentum,
839 3475 879 3539 do
901 3498 985 3539 novo
1009 3496 1162 3560 praesens
1186 3473 1356 3559 collegium
1378 3477 1485 3543 animo
1508 3479 1627 3546 ibidem

208 3576 314 3643 eundi
336 3587 368 3641 ct
388 3577 459 3642 iura
479 3575 657 3641 bursalium
678 3575 811 3640 l'atiendi
834 3574 1029 3656 subintrans,
1051 3583 1195 3659 tempore
1217 3576 1265 3637 sui
1287 3577 1436 3642 introitus
1457 3600 1517 3664 pro
1538 3593 1670 3657 utcu-,30

209 3675 322 3742 silibus
344 3678 500 3760 coquinae
522 3675 699 3740 bursalium
721 3685 752 3739 et
773 3675 942 3739 structuris
965 3672 1107 3738 eiusdem
1125 3675 1311 3738 conventuri
1334 3698 1433 3741 unum
1451 3693 1489 3763 pt.
1509 3703 1627 3747 novum

209 3774 394 3862 persolvere
421 3773 525 3839 debet.
567 3773 671 3855 Quem
699 3773 785 3838 idem
813 3783 986 3838 conventos·
1015 3772 1201 3859 praeposito
1229 3771 1356 3860 collegii
1390 3799 1450 3862 pro
1484 3788 1628 3866 tempore

208 3874 361 3940 existenti
382 3873 615 3938 reservandum
638 3885 669 3937 et
689 3875 723 3937 in
740 3872 845 3938 dictos
859 3895 937 3937 usus
958 3870 1205 3957 expendendum
1227 3885 1436 3958 praesentare
1457 3877 1626 3961 tenebitur,

208 3983 302 4060 prout
323 3974 357 4037 in
379 3971 520 4057 quodam
541 3972 692 4036 concluso
713 3970 839 4057 collegii
862 3972 958 4036 latius
982 3972 1161 4036 continetur
1181 3981 1212 4034 ct
1234 3983 1283 4035 cst
1304 3993 1503 4059 expressum.

290 4096 338 4156 11.
368 4086 465 4154 Ultra
491 4089 599 4155 omnia
625 4090 829 4175 praescripta
857 4088 1027 4173 collegium
1053 4085 1152 4151 habet
1179 4087 1352 4155 arbitrario
1379 4093 1493 4177 punire
1514 4117 1624 4161 onmes
1633 4107 1666 4163 35

208 4198 238 4256 ct
258 4185 407 4276 singulos
431 4209 583 4254 excessus
605 4190 639 4253 in
661 4187 794 4274 collegio
815 4197 1031 4275 perpetratos,
1060 4185 1240 4273 dequibus
1268 4189 1302 4252 in
1327 4193 1540 4280 praescriptis
1562 4207 1625 4262 sta·

208 4290 282 4357 tutis
303 4309 371 4353 non
392 4296 447 4355 est
463 4297 602 4371 cautum,
624 4287 798 4353 secundum
819 4287 1028 4374 quantitatem
1051 4296 1082 4350 et
1103 4284 1291 4373 qualitatem
1310 4290 1466 4375 ipsorum.

290 4410 338 4472 12.
361 4403 500 4490 Insuper
514 4403 624 4468 salvae
636 4426 804 4469 remanere
820 4403 937 4469 debent
955 4424 1066 4467 omnes
1089 4405 1240 4490 antiquae
1262 4408 1508 4475 consuetudines
1530 4423 1626 4498 atque

207 4502 386 4570 bursalium
405 4504 487 4587 iura,
518 4505 553 4567 in
583 4503 656 4569 aliis
685 4503 792 4568 bursis
820 4513 852 4569 et
880 4502 1025 4586 collegiis
1054 4502 1096 4568 ab
1124 4503 1256 4591 antiquo
1288 4529 1415 4593 semper
1442 4509 1625 4595 observata,

206 4607 372 4691 signanter
394 4600 590 4691 quo[16¹³]ad
612 4625 733 4690 poenas
756 4601 937 4682 solvendas,
964 4599 1117 4667 videlicet
1142 4602 1228 4689 quod
1248 4626 1314 4669 non
1334 4627 1500 4693 opponens
1522 4611 1669 4680 salvatio

206 4703 286 4770 dnos
314 4726 456 4790 grossos,
484 4726 550 4767 non
576 4701 777 4788 respondens
800 4725 897 4766 unum
922 4723 1081 4786 grossum,
1109 4725 1174 4767 non
1204 4725 1343 4789 arguens
1365 4716 1431 4771 tres
1452 4706 1535 4794 den,
1561 4735 1625 4778 non

206 4802 380 4870 latiniacus
402 4825 500 4869 unum
521 4800 660 4884 obolum,
686 4811 718 4866 et
739 4801 870 4868 bursam
895 4823 961 4866 non
987 4823 1110 4888 ponens
1136 4803 1205 4866 sive
1230 4803 1264 4868 in
1290 4804 1351 4870 boe
1374 4805 1510 4893 collegio
1538 4833 1624 4877 men-

206 5069 380 5226 mqundp
396 5067 507 5122 aare:
536 5069 611 5121 aaa
632 5070 666 5123 a
686 5032 898 5137 opimatam
920 5066 1020 5135 sanias
1040 5069 1171 5123 earam
1193 5067 1225 5122 a
1246 5070 1372 5125 masaa
1389 5090 1446 5142 pro
1464 5079 1624 5147 maara

287 5153 294 5166 ·
354 5153 379 5221 ·,
401 5155 472 5207 rar.
