3756 6158
248 488 308 553 422
736 486 786 537 Die
797 485 1021 553 ,philosophirche
1038 485 1166 538 Faculttt.

248 667 502 754 disputationum
526 666 763 732 ordinariamm
784 673 847 730 aad
876 668 1101 757 complentium
1124 675 1259 750 oapelrpt
1281 676 1403 733 wardan
1424 676 1494 750 (aql.
1521 675 1661 735 Urtaadt.

250 772 374 837 Qaellan
394 770 426 832 S.
448 768 524 842 858,
553 789 597 828 wo
623 771 790 843 sc'r'lsclrlicli
811 771 912 836 148912
933 773 1099 848 sagapetas
1122 773 1192 845 ist),
1228 793 1260 830 so
1291 770 1403 848 diirfen
1429 774 1487 832 wir
1513 776 1592 834 wohl
1614 777 1662 834 mit

247 869 410 930 Siclierliei't
431 870 604 945 ιιιαιιριιο,
626 871 697 929 dass
716 870 795 928 diere
815 873 992 930 Beaclrlt‘sie
1014 872 1061 930 ias
1082 872 1351 932 commi-semaia
1374 875 1454 939 1488
1472 875 1585 950 fallea

509 1056 556 1117 io.
579 1044 639 1135 [Bl.
655 1046 727 1135 23²]
755 1067 802 1115 on
824 1067 923 1117 uono
944 1067 1098 1118 insnum
1118 1068 1164 1115 nr
1186 1035 1406 1119 nisrursivni.

202 1189 219 1245 5
330 1180 492 1246 Statutum
521 1190 586 1263 est,
607 1202 719 1248 omnes
747 1184 921 1268 magistros
948 1183 1056 1270 legere
1084 1183 1203 1250 debere
1228 1184 1264 1248 in
1288 1182 1403 1249 habitu
1428 1182 1613 1270 magistrali
1632 1192 1662 1252 et

242 1280 355 1345 mittra
375 1281 443 1344 sive
465 1281 588 1367 pirreto
610 1303 684 1345 cum
706 1281 869 1369 scapulari
891 1273 1063 1368 diligenter
1088 1293 1120 1347 et
1148 1283 1310 1348 fructuose
1338 1284 1425 1348 omni
1451 1282 1505 1348 die
1533 1281 1662 1371 legibili,

246 1378 420 1444 secundum
449 1379 671 1445 distinctiones
701 1403 760 1466 per
784 1381 970 1446 facultatem
998 1391 1152 1466 statutas,
1175 1383 1245 1447 sine
1266 1381 1341 1449 dolo
1362 1391 1395 1446 et
1415 1379 1549 1466 bande,
1568 1380 1664 1447 nichil

244 1487 354 1543 textus
376 1478 460 1544 soliti
481 1478 546 1564 legi
569 1479 715 1544 omittere
737 1489 769 1543 et
788 1503 854 1545 non
873 1481 955 1551 'alibi
975 1503 1073 1568 quam
1094 1483 1128 1547 in
1150 1481 1281 1569 publico
1301 1480 1384 1547 loco
1424 1480 1518 1551 Idem
1546 1480 1664 1594 placuit

246 1577 286 1642 de
307 1567 549 1661 exercentibus,
571 1576 658 1665 quod
686 1579 772 1644 omni
794 1579 854 1657 die
875 1579 999 1667 legibili
1027 1580 1197 1667 diligenter
1220 1591 1251 1644 et
1271 1602 1329 1667 per
1350 1579 1482 1646 moduni
1506 1580 1663 1645 examinis

206 1676 428 1765 10disputent,
450 1675 570 1742 nullam
599 1679 834 1763 quaestionem
850 1676 924 1743 solit
912 1689 979 1744 tam
1001 1679 1163 1794 disputari
1190 1679 1381 1761 omittendo,
1403 1688 1438 1744 et
1464 1679 1641 1744 similiter
1632 1702 1664 1744 in

245 1777 316 1842 loco
337 1774 524 1862 publicem
547 1783 689 1858 aestate,
710 1778 744 1840 in
770 1775 875 1842 hieme
896 1800 973 1843 vero
1001 1780 1035 1843 iii
1061 1778 1195 1845 lectorio
1217 1777 1270 1844 vel
1297 1778 1393 1843 stuba
1414 1779 1663 1859 communitatis,

243 1877 307 1940 nisi
329 1875 478 1941 dominus
506 1875 648 1954 decaniis
677 1899 743 1941 una
769 1899 841 1964 cuin
867 1877 1047 1943 senioribus
1073 1887 1208 1966 propter
1236 1879 1433 1965 paucitatem
1461 1875 1663 1943 audiencinm

248 1985 305 2040 aut
322 1975 418 2041 loci
408 1975 708 2041 mconvenienciam
727 1975 780 2040 vel
807 1975 905 2042 aliam
931 1976 1155 2043 rationabilem
1186 2000 1317 2043 causam
1345 1977 1605 2065 dispensaverit,
1632 1986 1664 2041 nt

244 2077 315 2160 quis
346 2078 380 2140 in
407 2098 465 2140 sua
491 2073 582 2139 habit
569 2075 696 2143 tacione
715 2074 892 2162 disputare
919 2078 1030 2164 possit
1073 2075 1170 2157 Quod
1192 2079 1220 2141 si
1243 2077 1317 2164 quis
1342 2077 1582 2162 magistrorum
1603 2097 1663 2142 non

206 2182 236 2238 15
248 2176 334 2239 omni
356 2174 408 2239 die
429 2173 553 2260 legibili
574 2173 662 2260 legat
683 2183 742 2239 aut
759 2185 919 2259 exerceat,
941 2175 1027 2261 quod
1048 2177 1235 2242 visitatores
1256 2176 1386 2261 signare
1406 2184 1568 2259 tenentur,
1590 2198 1663 2263 qno

245 2275 328 2337 tiens
342 2275 417 2337 -sine
439 2271 619 2341 excusabili
641 2296 740 2338 eausa
760 2273 954 2360 neglexerit,
982 2276 1104 2339 tociens
1134 2274 1175 2339 de
1203 2296 1260 2339 suo
1288 2274 1407 2339 salario
1436 2273 1578 2340 facultas
1603 2273 1663 2340 ‘essii

244 2382 390 2437 reservet
417 2372 498 2439 duos
523 2395 655 2458 grossos
682 2373 766 2437 inter
793 2375 969 2459 magistros
998 2363 1123 2439 consilii
1149 2373 1313 2439 facultatis
1333 2373 1590 2439 distribuendos.
1631 2373 1662 2440 si

246 2472 318 2558 quis
338 2494 417 2538 vero
444 2472 643 2537 infructuose
669 2473 738 2538 sine
764 2472 897 2559 proprio
926 2481 1019 2537 textu
1040 2483 1073 2538 et
1092 2495 1158 2538 non
1178 2471 1354 2548 secundum
1385 2472 1611 2538 distinctiones
1634 2483 1663 2538 et

246 2571 465 2639 ordinationes
495 2569 660 2636 facultatis
686 2571 803 2658 legerit
828 2571 881 2635 vel
911 2573 1094 2637 exercuerit
1120 2583 1168 2655 et,
1197 2595 1256 2659 per
1284 2573 1470 2637 visitatores
1497 2573 1661 2639 caritative

203 2670 346 2736 20semel
368 2679 425 2735 aut
444 2670 495 2735 bis
518 2671 684 2753 monitus,
699 2694 733 2736 se
755 2669 928 2735 emendare
949 2694 1015 2736 non
1036 2672 1214 2754 curaverit,
1237 2679 1313 2736 tunc
1332 2670 1452 2736 debent
1472 2670 1536 2736 hoc
1556 2672 1661 2739 visita·

244 2779 332 2836 tores
352 2778 498 2857 tempore
525 2768 760 2835 distributionis
789 2780 902 2854 pastus
931 2769 1077 2835 facultati
1106 2782 1287 2859 proponere
1309 2780 1341 2835 et
1361 2769 1501 2835 facultas
1530 2771 1661 2836 eundem

246 2892 352 2957 poena
375 2871 594 2957 suspensionis
615 2879 670 2934 aut
691 2869 757 2933 alia
779 2869 952 2934 arbitrarie
978 2870 1101 2956 punire.

620 3058 680 3127 ιι.
703 3069 749 3115 on
771 3067 952 3116 omissuri
973 3069 1072 3117 uono
1093 3068 1273 3117 sunmuni.

327 3184 489 3250 Statiitum
512 3194 576 3267 est,
605 3177 716 3250 omnes
738 3182 936 3270 complentes
964 3205 1024 3270 pro
1052 3182 1159 3270 gradu
1181 3182 1289 3269 aliquo
1314 3184 1349 3247 in
1376 3182 1504 3247 artibus
1526 3204 1548 3247 a
1568 3183 1663 3247 tercia

204 3284 382 3350 2tlectione
403 3284 455 3349 vel
483 3285 644 3351 exercicio
664 3272 704 3348 etx
719 3283 872 3368 deinceps
901 3284 988 3347 omni
1014 3282 1067 3347 die
1093 3282 1218 3369 legibili
1238 3304 1311 3347 cum
1333 3291 1435 3364 textu,
1462 3283 1501 3346 ut
1526 3282 1563 3346 in
1588 3282 1662 3346 anti·

246 3387 318 3471 quis
340 3386 468 3449 statutis
490 3381 681 3465 declaratur,
709 3385 865 3447 interesse
886 3381 1013 3464 debere,
1036 3382 1095 3448 sub
1118 3404 1224 3468 poena
1246 3379 1371 3445 dimidii
1391 3381 1510 3466 grossi,
1533 3382 1662 3461 tociens,

246 3487 394 3572 quotiens
424 3504 516 3548 secus
548 3491 768 3568 perpetratum
799 3481 909 3563 fiierit,
941 3480 1208 3546 irremissibiliter
1235 3475 1380 3566 temporo
1411 3479 1662 3567 dispensacionis

244 3582 459 3670 persolvendi.

704 3718 751 3778 ιι.
774 3730 820 3776 nn
843 3729 942 3813 ιιοοο
964 3728 1208 3777 nxaouriouis.

205 3857 239 3915 30
332 3847 396 3912 Pro
426 3847 520 3911 firma
549 3856 580 3911 et
609 3844 718 3911 stabili
747 3843 1009 3931 praecedentium
1039 3844 1229 3910 executione
1258 3846 1370 3910 statuit
1399 3844 1556 3929 facultas,
1586 3844 1665 3934 qnod

249 3948 335 4013 omni
364 3957 453 4011 muta
454 3948 541 4011 tione
570 3944 729 4030 eligantur
759 3966 800 4010 ex
830 3942 982 4009 facultate
951 3953 1076 4009 ttres
1105 3954 1272 4009 taxatores
1301 3942 1386 4009 ultra
1417 3944 1588 4029 decanum,
1616 3946 1664 4034 qni

247 4046 343 4111 debet
330 4056 434 4110 tesse
457 4054 551 4132 quart
552 4068 600 4127 us,
621 4054 653 4108 et
671 4052 810 4131 quatuor
825 4046 1009 4108 visitatores
1029 4045 1099 4109 sive
1119 4053 1318 4126 executores,
1339 4052 1405 4108 tres
1427 4043 1664 4131 dispensatores

246 4168 405 4212 unacum
427 4144 559 4225 decano,
580 4145 635 4229 qui
656 4166 715 4230 per
736 4152 802 4208 tres
824 4152 880 4224 aut
902 4151 1040 4230 quatuor
1063 4142 1133 4208 dies
1157 4152 1232 4208 ante
1254 4141 1531 4229 dispensationem
1552 4145 1664 4230 princi·

248 4244 354 4333 palem
376 4243 547 4329 diligenter
567 4243 733 4356 inquirant
754 4241 794 4307 de
816 4241 966 4308 omnibus
989 4241 1177 4324 defectibus,
1206 4241 1386 4329 dequibus
1408 4238 1564 4329 specialis
1584 4265 1665 4310 inen-

205 4346 294 4410 tttio
313 4344 384 4409 fieri
404 4366 469 4409 non
490 4351 596 4429 potest
614 4343 648 4405 in
669 4340 813 4427 generali
833 4341 1087 4428 dispensacione
1109 4339 1194 4428 [tdb]
1230 4340 1304 4409 Ει
1295 4364 1330 4405 in
1350 4341 1540 4409 huiusmodi
1560 4341 1665 4408 labore

248 4454 280 4510 et
295 4442 471 4528 diligencia
491 4440 627 4527 quilibet
640 4441 900 4528 dispensatorum
914 4439 1009 4506 debet
1027 4440 1148 4506 habere
1162 4463 1260 4506 unum
1280 4440 1441 4506 florenum
1461 4441 1510 4507 rh.
1532 4464 1554 4507 a
1572 4439 1664 4508 facul-

248 4552 345 4609 tate.''
366 4542 411 4607 Et
432 4543 474 4606 sit
499 4563 582 4605 unus
609 4541 784 4626 inscriptos
812 4563 871 4626 pro
895 4538 1111 4605 continuando
1136 4538 1220 4605 libro
1250 4540 1319 4604 sive
1346 4541 1488 4626 registro
1510 4540 1665 4629 complen-

247 4645 328 4709 tium
351 4652 383 4709 et
402 4639 609 4707 inscribendo
632 4661 743 4705 omnes
764 4638 960 4725 complentes
984 4662 1055 4704 cum
1088 4640 1156 4704 suis
1184 4637 1362 4704 defectibus
1390 4648 1422 4704 et
1448 4639 1663 4727 negligentiis.

247 4742 377 4808 Debent
400 4750 507 4807 autem
530 4741 577 4804 sic
604 4738 651 4804 illi
678 4738 817 4825 praefati
838 4737 992 4804 officiales
1014 4737 1100 4823 eligi,
1123 4747 1168 4821 ut,
1196 4739 1251 4823 qui
1278 4737 1377 4805 babet
1396 4761 1496 4805 unum
1520 4739 1664 4819 officinm,

207 4841 386 4907 walterum
406 4839 527 4905 habere
547 4861 612 4904 non
634 4839 754 4924 possit,
775 4847 811 4902 ut
831 4838 878 4902 sic
899 4847 931 4902 et
952 4860 1052 4903 onera
1072 4847 1105 4902 et
1127 4836 1343 4906 emolumenta
1362 4838 1545 4926 aequaliter
1565 4838 1662 4904 diatri-

252 4939 391 5005 buantiir
423 4948 455 5004 et
487 4959 524 5003 eo
556 4937 748 5022 diligencius
780 4946 988 5021 exequente.
1028 4936 1145 5002 Posset
1177 4938 1263 5001 enim
1294 4938 1499 5023 contingere,
1533 4937 1661 5026 aliquem

248 5040 376 5124 pigrum
398 5038 493 5124 plura
514 5035 620 5101 officia
640 5034 760 5099 habere
781 5045 813 5099 et
830 5034 952 5099 nullum
971 5037 1097 5124 exequi,
1119 5045 1152 5100 ot
1173 5037 1220 5100 sic
1239 5025 1371 5102 caderet
1391 5035 1555 5105 ordinatio
1572 5035 1659 5104 facul·

249 5137 334 5201 tatis.
375 5135 506 5250 Debent
525 5145 633 5201 tamen
655 5133 811 5226 clavigeri
833 5133 909 5223 eligi
930 5156 990 5224 per
1010 5136 1157 5205 nationes
1179 5136 1273 5203 iuxta
1293 5135 1464 5227 antiquum
1482 5136 1616 5206 modum.
