3756 6158
143 5048 166 5081 Q·

227 471 288 538 204
801 472 854 520 Das
872 486 965 535 grosse
984 470 1089 534 colleg.

231 662 358 717 sentare
377 657 410 715 et
429 649 560 715 tradere
580 659 717 715 tenetur.
759 651 848 718 Idem
877 663 926 717 est
953 653 993 718 de
1021 664 1147 718 centum
1174 653 1305 718 florenis
1328 651 1413 718 datis
1437 653 1576 741 collegio
1599 677 1655 742 per

228 751 487 817 testamentarios
519 749 661 815 doctoris
690 748 817 816 Gorlitz
849 775 909 839 pro
938 754 1161 818 anniversario
1192 751 1386 818 celebrando
1418 754 1509 819 circa
1540 755 1655 819 festum

227 850 398 916 Bonifacii.

294 1018 359 1086 δι’
383 1013 445 1103 [Bl.
467 1014 539 1103 15⁸]
562 1034 609 1082 ns
632 1032 811 1082 snrosnoo
833 1037 879 1083 sr
903 1037 1177 1086 rnmsnnrmoo
1199 1035 1360 1086 nsoronn
1383 1037 1588 1089 rsnonooo

736 1137 806 1186 Vorn
827 1137 1042 1201 26.›September
1063 1139 1135 1191 1496.

184 1260 200 1316 5
308 1252 346 1316 ln
371 1251 501 1318 nomine
529 1249 652 1314 domini
678 1251 794 1315 Amen.
835 1251 931 1316 Anno
961 1274 982 1316 a
1009 1252 1180 1317 nativitate
1206 1251 1351 1318 eiusdem
1379 1252 1553 1320 millesimo
1583 1275 1655 1340 qua·

229 1351 482 1437 dringentesimo
502 1351 711 1436 nonagesimo
733 1361 836 1435 sexto,
864 1350 1040 1416 indictione
1069 1351 1322 1437 quartadecima,
1350 1353 1564 1440 pontificatus
1588 1374 1656 1419 san·

229 1451 364 1517 ctissimi
387 1453 421 1515 in
444 1449 575 1516 Christo
597 1451 701 1535 patris
724 1460 757 1514 et
778 1449 899 1515 domini
917 1451 1035 1532 nostri,
1064 1449 1185 1515 domini
1206 1450 1389 1517 Alexandri
1410 1451 1525 1518 divina
1549 1452 1656 1539 provi·

229 1551 339 1615 dentia
367 1572 474 1637 papae
500 1549 594 1630 sexti,
622 1571 707 1614 anno
730 1550 799 1614 eius
818 1560 943 1634 quarto,
970 1548 1024 1615 die
1045 1572 1123 1616 vero
1143 1551 1241 1616 lunae
1260 1553 1517 1637 vigesimasoxta
1537 1552 1656 1617 mensis

231 1648 448 1736 Septembris,
478 1647 559 1714 hora
586 1670 798 1736 vesperorum
828 1649 880 1714 vel
910 1650 1019 1737 quasi,
1049 1651 1083 1714 in
1115 1649 1239 1715 ambitu
1267 1649 1472 1717 kathedralis
1501 1648 1656 1716 ecclesiae

192 1757 223 1814 10
231 1749 423 1814 Misenensis
441 1748 579 1833 meique,
608 1748 728 1812 notarii
750 1746 882 1834 publici,
906 1757 938 1813 et
957 1749 1086 1813 testium
1110 1747 1378 1837 subscriptorum,
1407 1748 1452 1817 ad
1478 1748 1544 1815 hoo
1564 1770 1656 1814 voca·

230 1859 337 1915 torum
364 1858 396 1913 et
424 1845 610 1934 specialiter
631 1856 831 1933 rogatorum,
860 1848 1046 1935 praesentia
1074 1848 1267 1914 constitutus
1289 1847 1506 1936 personaliter
1524 1868 1657 1913 venera¹

230 1947 315 2030 bilis,
345 1948 496 2033 egregius
520 1956 552 2011 et
574 1947 713 2011 eximius
736 1948 796 2022 vir,
825 1944 973 2012 dominos
1003 1945 1116 2012 doctor
1136 1946 1296 2013 Iohannes
1317 1945 1541 2034 Konigeberg,
1568 1967 1657 2035 pree

230 2046 336 2111 dictae
362 2045 553 2111 Misenensis
576 2043 731 2110 eeclesiae
759 2047 948 2128 canonicus,
982 2054 1094 2111 cantor
1123 2055 1156 2110 et
1183 2047 1290 2112 senior
1320 2055 1389 2129 etc,
1421 2046 1527 2112 lectus
1554 2068 1657 2131 verus,

228 2145 405 2231 legittimus
434 2152 466 2208 et
494 2143 694 2208 indubitatus
722 2147 982 2209 testamentarius
1009 2154 1041 2210 et
1067 2144 1201 2211 ultimae
1222 2137 1398 2211 voluntatis
1412 2144 1658 2234 ‘disposicionis

192 2254 221 2308 15
231 2254 385 2308 executor
406 2242 570 2332 quondam
592 2244 716 2329 egregii
743 2254 774 2307 et
795 2246 1068 2329 praestantissimi
1089 2246 1162 2329 viri,
1191 2244 1316 2310 domini
1336 2246 1488 2331 magistri
1507 2245 1659 2313 Andreae

230 2341 391 2426 Grflners,
423 2341 463 2408 de
486 2344 575 2407 ouius
607 2343 852 2408 testamentaria
884 2345 1116 2410 constitucione
1144 2343 1233 2426 mihi,
1265 2344 1393 2410 notario
1421 2343 1557 2432 publico
1589 2344 1657 2411 sub·

231 2442 363 2528 scripto,
392 2441 592 2508 documentis
613 2441 768 2507 exhibitis
794 2443 901 2507 animo
931 2452 964 2506 ct
990 2444 1166 2509 intentione
1194 2442 1377 2531 exequendi
1405 2453 1438 2509 et
1465 2442 1656 2531 perficiendi

229 2541 370 2628 praefati
399 2540 521 2606 domini
552 2541 700 2626 magistri
730 2539 881 2607 Andreae
910 2543 1133 2607 constituentis
1160 2544 1370 2609 novissimam
1397 2541 1601 2615 voluntatem
1627 2553 1657 2608 et

230 2650 456 2705 testamentum
478 2639 691 2727 praedictum,
713 2630 776 2704 sibi
799 2640 846 2704 ita
868 2643 1087 2724 commissum,
1110 2642 1258 2707 omnibus
1282 2639 1471 2707 melioribus
1492 2642 1562 2725 via,
1581 2643 1657 2725 inre,

190 2740 337 2804 toforma
358 2749 390 2803 et
416 2761 524 2820 causa,
554 2739 673 2826 quibus
697 2738 731 2803 id
759 2739 876 2804 melius
904 2750 936 2804 et
965 2740 1128 2806 efficacius
1157 2744 1263 2828 potuit
1289 2751 1321 2806 et
1348 2738 1461 2806 debuit
1487 2763 1529 2806 ac
1557 2750 1659 2829 potest

231 2847 263 2902 et
284 2837 389 2919 debet,
417 2837 459 2902 ad
486 2837 538 2902 dei
566 2839 795 2925 omnipotentis
824 2837 954 2904 laudem
979 2842 1213 2928 memoratique
1241 2839 1384 2905 defuncti
1412 2838 1539 2905 domini
1568 2840 1658 2926 mgri.

232 2937 397 3002 testatoris
425 2938 553 3001 animae
579 2936 715 3002 salutem
742 2945 838 3022 atque
866 2939 1034 3024 praefatae
1061 2938 1166 3004 almae
1194 2939 1416 3004 universitatis
1442 2937 1659 3025 Lipclszensis

231 3059 270 3101 ac
301 3037 469 3123 potissime
501 3057 614 3101 sacrae
648 3034 812 3100 facultatis
843 3035 1046 3122 theologicae
1077 3037 1177 3102 decus
1206 3046 1464 3126 perpetuumque
1494 3036 1659 3121 honorem,

232 3134 367 3202 celibem
389 3158 516 3223 quoque
536 3136 723 3200 memoriam
746 3145 868 3199 certam
890 3158 1048 3201 summam
1070 3136 1266 3202 florenorum
1285 3134 1549 3221 hungaricalium
1570 3158 1659 3218 aore-

189 3245 338 3317 250rum,
369 3257 456 3299 nunc
482 3233 524 3299 ad
552 3256 723 3299 numerum
745 3244 776 3298 et
802 3234 947 3299 valorem
977 3237 1227 3322 quingentorum
1254 3235 1452 3300 florenorum
1477 3236 1659 3303 renensium

233 3357 267 3400 se
288 3333 525 3416 extendentem,
555 3355 615 3420 pro
645 3332 779 3420 capitali
812 3355 939 3398 summa
968 3343 1000 3397 et
1028 3335 1271 3421 comparatione
1299 3356 1480 3400 annuorum
1510 3357 1663 3402 censuum

233 3434 349 3519 viginti
372 3434 512 3520 quinque
532 3432 728 3498 florenorum
750 3433 934 3498 renensium
954 3433 988 3496 in
1011 3453 1090 3498 auro
1106 3432 1148 3498 ad
1169 3433 1327 3521 capellam
1346 3432 1510 3520 praedicti
1530 3436 1662 3501 maioris

233 3531 376 3617 collegii,
405 3530 578 3597 accedente
601 3530 726 3597 adhoc
754 3533 896 3601 omnium
923 3531 1125 3597 dominorum
1156 3535 1385 3619 magistrorum
1416 3543 1449 3598 et
1477 3533 1661 3621 collegiato·

233 3655 305 3696 rum
326 3630 406 3695 mihi
428 3628 573 3695 exhibito
593 3629 727 3696 litterali
748 3653 916 3713 consensu,
939 3630 999 3695 sub
1019 3630 1240 3696 moderamine
1262 3642 1295 3697 et
1315 3631 1493 3718 legeinfra
1516 3632 1661 3699 deductis

190 3732 368 3818 aolegavit,
405 3729 539 3795 donavit
570 3740 602 3793 et
633 3728 811 3812 ordinavit,
848 3740 944 3816 prout
977 3728 1017 3793 de
1049 3740 1155 3795 mente
1187 3732 1332 3817 priorum
1363 3731 1661 3818 praedecessorum,

232 3831 436 3897 dominorum
458 3827 636 3910 doctorum,
668 3831 897 3914 magistrorum
918 3838 949 3892 et
977 3838 1115 3914 patrum,
1143 3829 1263 3894 dudum
1292 3832 1395 3895 eciam
1423 3839 1662 3918 praeconcepta

232 3931 372 4017 desuper
393 3928 482 4014 apud
502 3927 617 3992 fiscum
637 3926 715 3992 dicti
737 3926 866 4013 collegii
886 3937 961 3992 sunt
980 3926 1106 3993 litterae
1134 3938 1284 4015 patentes
1314 3926 1483 4014 depositae
1508 3928 1608 3995 latius
1629 3927 1660 3993 id

235 4030 452 4115 exprimentes
486 4027 662 4109 confectae,
695 4025 846 4090 videlicet
874 4025 961 4113 quod
990 4025 1161 4115 collegium
1189 4028 1292 4091 maius
1322 4049 1381 4113 pro
1410 4050 1497 4092 nunc
1528 4027 1659 4095 electum

233 4135 443 4215 praesentare
472 4134 619 4189 teneatur
650 4125 791 4210 egregiis
820 4126 901 4189 viris
929 4125 1112 4210 theologiae
1143 4123 1330 4191 doctoribus
1359 4126 1502 4211 praelati
1535 4124 1659 4211 collegii

190 4226 418 4307 3tdumtaxat,
447 4246 546 4289 unum
568 4223 743 4304 doctorem,
772 4220 976 4289 licenciatum
1004 4224 1056 4289 vel
1083 4225 1274 4310 magistrum
1306 4222 1424 4290 abilem
1454 4224 1496 4290 de
1528 4224 1657 4311 collegio

232 4325 348 4389 maiori
372 4322 580 4408 collegiatam
600 4332 735 4402 tantum,
757 4323 810 4409 qui
833 4324 927 4386 iuxta
947 4325 1169 4409 praefatorum
1191 4321 1438 4410 dispositionem
1460 4332 1492 4388 et
1514 4325 1655 4389 commis·

235 4426 357 4489 sionem
379 4421 523 4509 quotidie
544 4420 587 4486 ad
609 4444 705 4486 unam
727 4419 841 4486 horam
861 4421 990 4508 publice
1012 4422 1046 4487 in
1066 4420 1199 4485 lectorio
1210 4420 1435 4508 theologorum
1451 4431 1483 4487 et
1502 4445 1568 4488 non
1588 4421 1658 4487 olibi

232 4523 335 4608 gratis
361 4522 396 4585 in
421 4520 587 4606 theologia
612 4518 806 4585 resumendo
828 4530 859 4584 et
887 4521 929 4584 ad
958 4543 1055 4586 unam
1083 4523 1216 4585 missam
1244 4521 1392 4587 adminus
1420 4521 1455 4584 in
1484 4522 1657 4610 septimana

231 4620 403 4708 legendam
423 4623 458 4685 in
480 4618 650 4707 praedicta
671 4621 713 4683 sit
732 4619 892 4684 astrictus.
933 4618 987 4684 Ad
1016 4643 1113 4708 quam
1140 4621 1275 4687 missam
1303 4630 1335 4685 et
1364 4618 1408 4684 ad
1437 4618 1522 4685 alias
1552 4620 1656 4701 eciam,

192 4720 262 4785 tosi
288 4718 411 4784 ibidem
432 4728 464 4783 et
492 4718 547 4783 alii
570 4717 678 4804 legere
706 4716 822 4799 velint,
852 4718 984 4800 lumina,
1012 4742 1129 4806 panem
1151 4728 1183 4783 et
1207 4720 1319 4783 vinum
1340 4718 1381 4784 de
1402 4718 1543 4786 ecclesia
1563 4717 1656 4786 sancti

234 4816 361 4883 Nicolai
382 4817 435 4882 vel
462 4816 540 4883 alibi
566 4827 624 4882 aut
652 4817 693 4882 de
716 4817 849 4903 proprio
873 4818 979 4904 pretio
1000 4818 1087 4884 idem
1111 4841 1278 4884 resumens
1306 4817 1482 4906 providere
1508 4827 1655 4897 teneatur,

235 4915 411 4981 secundum
433 4917 536 4981 eciam
556 4916 692 4981 aliorum
714 4915 918 4980 dominorum
940 4927 1069 5003 patrum
1091 4917 1379 5005 praedecessorum
1399 4928 1551 4998 mentem,
1572 4916 1651 5002 prius

315 5136 326 5186 1
355 5130 461 5186 Fortun
478 5127 549 5184 fehlt
567 5129 603 5183 im
623 5127 750 5201 Origiuul
769 5128 814 5184 die
831 5128 1049 5186 durohlaufende
1066 5129 1201 5202 Zithlung.
