3756 6158
243 461 303 522 544
740 451 788 502 Die
807 450 1025 517 philosophische
1042 452 1169 504 Facultit.

246 635 463 719 unusquisque
492 634 667 718 receperit,
690 634 826 719 singulis
852 635 1070 700 trimestribus
1098 634 1246 701 numulos
1270 653 1355 698 xvnl
1378 633 1505 701 solvito.
1548 634 1667 698 Pueros

246 731 437 817 discipulos,
469 754 606 818 quorum
633 743 742 796 tamen
769 736 900 799 nomina
924 736 957 799 in
984 734 1068 800 libro
1097 737 1231 799 rectoris
1263 733 1455 798 academiae
1488 735 1667 819 perscripta

246 835 319 913 sint,
340 833 374 895 in
396 829 605 895 conclavibus
628 833 694 895 suis
716 833 882 898 instituere
904 856 1077 920 secumque
1100 832 1220 898 habere
1240 856 1335 898 nemo
1358 831 1561 920 prohibetur.
1604 831 1666 896 Sed

247 935 275 999 si
306 932 360 995 isti
392 931 484 1016 pueri
516 953 685 995 numerum
718 943 871 1018 superent
903 933 1079 1013 senarium,
1108 931 1263 1016 gravibus
1291 945 1323 997 et
1347 933 1477 1018 maguis
1500 931 1667 996 decausis

203 1043 219 1096 5
245 1031 453 1095 coustitutum
475 1041 539 1108 est,
562 1040 597 1093 ut
618 1053 677 1116 pro
702 1030 838 1114 singulis
859 1033 1009 1112 caeteris,
1031 1053 1198 1096 numerum
1219 1030 1307 1096 illurn
1330 1030 1574 1119 superantibus,
1595 1052 1664 1116 per·

244 1131 411 1196 solvantur
440 1128 574 1214 collegio
606 1129 728 1194 numuli
757 1148 843 1195 xvffl
872 1131 916 1195 ad
943 1153 1015 1196 eum
1043 1130 1190 1211 modum,
1212 1143 1248 1197 ut
1273 1130 1314 1195 de
1334 1129 1466 1196 famulis
1487 1130 1664 1194 indicatum

245 1243 304 1295 est.
347 1229 455 1309 Quam
482 1231 652 1315 pecuniam
682 1229 806 1294 locator
828 1233 944 1316 exiget.
986 1229 1118 1295 Debent
1138 1231 1236 1294 etiam
1259 1232 1409 1316 magistri
1432 1239 1465 1294 et
1487 1231 1666 1316 quicunque

246 1328 396 1416 inquilini
417 1328 473 1393 alii
494 1331 683 1415 promittere
703 1327 854 1411 locatori,
878 1353 913 1393 se
934 1329 1163 1415 praestituros,
1186 1329 1214 1393 si
1235 1328 1313 1415 quid
1335 1328 1489 1414 discipuli
1516 1326 1665 1393 famuliae

246 1433 391 1515 ipsorum
413 1450 602 1515 quocunque
624 1427 720 1493 modo
743 1426 854 1492 damni
875 1427 1011 1493 aedibus
1035 1427 1162 1514 collegii
1183 1427 1250 1494 ulla
1271 1430 1305 1493 in
1327 1439 1420 1514 parte
1443 1427 1602 1493 dederint

205 1622 236 1676 10
329 1610 411 1677 Cum
424 1620 531 1673 autem
549 1618 581 1672 et
597 1631 649 1672 res
670 1618 702 1673 et
723 1618 868 1696 tempora
889 1632 1020 1675 monere
1042 1609 1145 1674 multa
1166 1609 1299 1692 soleant,
1321 1610 1349 1675 si
1371 1607 1450 1695 quid
1469 1609 1556 1675 forte
1577 1631 1664 1696 prae

244 1722 334 1775 terea
356 1708 611 1774 constituendum
635 1705 719 1794 [149]
743 1711 955 1773 communitas
976 1707 1076 1773 studii
1097 1709 1254 1774 bonarum
1276 1711 1396 1775 artium
1418 1708 1458 1773 de
1490 1710 1558 1773 suis
1582 1707 1663 1772 aedi·

245 1809 306 1875 bus
329 1808 432 1896 deque
453 1807 629 1895 disciplina
647 1806 878 1895 inquilinorum
900 1808 1081 1895 putaverit,
1103 1807 1138 1872 id
1159 1809 1267 1874 faeere
1289 1811 1352 1875 erit
1370 1808 1521 1874 liberum.

328 1995 502 2058 Praeterea
524 2012 632 2055 omnes
653 1990 736 2054 scire
758 1989 893 2072 debent,
920 1988 1069 2054 definitas
1099 1988 1217 2054 multas
1244 1992 1278 2055 iu
1306 1988 1358 2054 his
1386 1992 1518 2056 statutis
1539 1990 1581 2056 de
1601 2014 1662 2055 sen-

152 2148 153 2151 *
245 2097 347 2161 tentia
365 2090 492 2157 consilii
507 2087 629 2177 publici
646 2089 759 2176 augeri
773 2111 880 2176 posse,
904 2090 931 2153 si
955 2087 1105 2153 delictum
1124 2091 1242 2153 mereri
1261 2088 1429 2172 videatur3
1452 2112 1552 2174 posse
1574 2092 1661 2155 etiam

207 2207 236 2261 15
246 2193 413 2260 consilium
435 2189 599 2278 publicum
628 2187 669 2253 de
692 2190 734 2252 iis
761 2186 904 2270 delictis,
941 2187 1057 2274 quibus
1091 2199 1181 2253 certa
1211 2188 1313 2254 multa
1339 2211 1405 2252 non
1436 2197 1486 2253 est
1514 2189 1660 2274 irrogata,

246 2293 381 2359 arbitrio
395 2313 453 2356 sno
468 2288 600 2354 multam
613 2286 764 2370 definire,
788 2310 871 2373 quae
887 2286 1003 2373 quibus
1018 2287 1208 2373 probantur,
1228 2288 1268 2350 iis
1288 2287 1332 2352 ad
1352 2286 1563 2352 incolendum
1579 2286 1660 2351 locus

249 2385 319 2457 esse
340 2394 373 2455 iu
396 2390 447 2455 his
469 2385 604 2454 aedibus
627 2385 755 2472 collegii
778 2388 891 2451 nostri.
935 2385 1062 2467 Quibus
1082 2408 1147 2451 uon
1171 2385 1366 2472 probantur,
1389 2385 1509 2468 alium,
1536 2385 1592 2450 ubi
1613 2386 1659 2450 ha·

248 2492 365 2572 bitent,
394 2511 550 2576 quaerere
578 2496 736 2573 poterunt
786 2484 1012 2551 Defendeutur
1033 2495 1140 2550 autem
1161 2497 1193 2550 et
1214 2484 1389 2571 diligentur
1411 2485 1491 2550 boni
1513 2496 1546 2549 et
1567 2485 1658 2571 probi.

247 2592 299 2656 De
321 2592 458 2656 caeteris
478 2587 559 2654 nihil
579 2585 643 2650 dici
665 2584 804 2671 amplius
826 2606 958 2650 neeesse
979 2594 1037 2649 est.
1086 2585 1187 2650 Finis.
