3756 6158
96 4322 140 4339 N

245 485 304 549 102
713 482 768 531 Des
786 482 920 533 lohannes
935 480 1015 533 Fabri
1032 483 1065 530 de
1087 482 1199 530 Werdea

242 662 447 748 Dhtiringiae
475 659 560 750 [tob]
595 672 627 727 et
655 662 850 728 marchionis
870 659 1032 744 Misanae,
1065 662 1186 730 domini
1218 663 1320 727 nostri
1351 663 1520 746 gratiosi),
1554 685 1664 729 omnes

242 770 274 826 et
295 761 439 847 singulos
461 771 553 826 actus
573 761 792 843 scholasticos,
815 761 963 847 proxime
983 771 1119 848 propter
1140 771 1245 827 certas
1256 762 1428 827 violentias
1441 774 1473 826 et
1486 759 1663 843 molestias,

242 861 448 926 universitati
475 869 507 924 et
537 861 714 948 suppositis
737 860 807 924 eius
826 859 950 934 frivole,
964 858 1088 943 illatas,
1117 882 1307 948 suspensos,
1329 862 1423 926 iuxta
1443 870 1578 927 nonnae
1595 861 1664 926 uui·

241 960 405 1024 versitatis
434 959 619 1024 conclusum
652 958 785 1025 eosdem
812 958 846 1023 in
873 958 937 1024 hiis
968 961 1099 1046 scriptis
1123 960 1326 1043 relaxamus,
1355 958 1523 1027 hortantes
1554 981 1664 1027 omnes

216 1067 276 1124 tet
304 1057 448 1144 singulos
475 1058 664 1143 magistros,
697 1057 860 1139 doctores,
893 1056 1076 1131 licentiatos
1114 1068 1145 1123 et
1172 1057 1374 1125 baccalarios
1400 1081 1665 1146 quarumcunque

242 1155 449 1239 facultatum,
478 1165 635 1246 quatenus
659 1159 694 1221 in
721 1169 817 1221 antea
844 1167 879 1220 ut
900 1157 992 1242 prius
1014 1179 1124 1222 omnes
1146 1166 1178 1223 et
1199 1157 1343 1244 singulos
1364 1156 1550 1224 huiusmodi
1574 1168 1664 1224 actus

242 1254 453 1321 scholasticos
476 1254 651 1321 secundum
671 1257 769 1319 ritum
792 1264 823 1319 et
842 1253 1025 1321 laudabiles
1050 1278 1183 1321 suarum
1204 1256 1394 1322 facultatum
1416 1256 1665 1323 consuetudines

243 1366 276 1419 et
301 1363 423 1419 statuta
450 1376 561 1421 coram
587 1366 718 1420 nostrae
744 1354 967 1419 universitatis
994 1356 1172 1442 suppositis
1193 1378 1254 1443 pro
1273 1355 1449 1423 eorundem
1466 1357 1664 1422 incrementa

243 1453 413 1539 diligenter
438 1464 613 1519 exerceant
639 1463 672 1518 et
700 1453 893 1518 continuent
937 1451 1005 1519 Sub
1031 1476 1137 1541 poena
1165 1456 1327 1521 carentiae
1355 1455 1599 1541 acturegentiae
1627 1477 1666 1521 ao

204 1563 235 1618 10
245 1553 534 1619 emolumentorum
555 1553 784 1618 universitatis.
826 1551 951 1618 Datum
974 1561 1154 1619 rectoratus
1178 1564 1237 1619 etc.

287 1722 332 1785 16.
365 1736 559 1786 ΜΔΝΒΔΤΠΜ
579 1737 627 1784 DE
648 1736 772 1785 naama
793 1736 866 1784 NON
886 1736 1059 1785 VEXAMDIS
1080 1738 1147 1785 VEL
1167 1737 1341 1787 mutuose
1364 1736 1620 1785 orrannum.

329 1851 466 1917 Mandat
485 1849 635 1917 omnibus
657 1860 688 1916 et
712 1850 848 1937 singulis
869 1850 1090 1918 universitatis
1118 1852 1263 1919 eiusdem
1285 1852 1478 1940 suppositis,
1505 1860 1667 1938 quatenus

242 1950 366 2018 nullum
393 1953 540 2038 ipsorum
568 1948 722 2037 deinceps
750 1949 892 2038 aliquem
917 1972 960 2017 ex
984 1950 1065 2034 hiis,
1093 1956 1149 2040 qui
1177 1975 1249 2019 sese
1276 1955 1311 2018 in
1331 1973 1487 2043 praesens
1508 1948 1667 2038 oppidum

244 2060 276 2116 et
302 2050 387 2116 hanc
415 2048 534 2114 almam
561 2047 762 2113 academiam
790 2049 889 2115 studii
908 2036 1009 2115 causa
1030 2050 1248 2134 contulerunt,
1277 2073 1357 2139 quos
1376 2049 1523 2116 nonnulli
1544 2049 1666 2115 beanos

204 2160 234 2216 15
243 2174 301 2217 suo
314 2151 443 2216 nomine
455 2147 685 2235 compellitant,
706 2149 831 2232 infero,
853 2147 981 2235 plateis,
1001 2150 1093 2232 vicis,
1114 2149 1269 2236 collegiis,
1280 2150 1388 2217 bursis
1402 2149 1519 2215 aliisve
1533 2148 1664 2239 quibus·

244 2250 323 2317 libet
350 2249 431 2315 locis
458 2257 491 2313 et
517 2248 683 2333 signanter
703 2248 737 2313 in
759 2249 924 2334 praesenti
944 2247 1098 2335 collegio,
1126 2249 1319 2337 quandolad
1338 2251 1446 2336 ipsum
1467 2249 1664 2316 immanior·

242 2349 374 2416 lationis
401 2370 501 2414 causa
527 2345 749 2433 ingredientur
770 2346 822 2412 vel
845 2358 921 2435 post
940 2347 1279 2415 immatriculationem
1302 2338 1525 2434 egredientur,
1555 2346 1665 2421 verbis

243 2448 408 2515 iniuriosis
445 2447 482 2514 of
485 2442 704 2534 [11⁸]fendat,
747 2444 915 2529 verberet,
951 2445 1099 2534 capillet,
1135 2469 1222 2536 aqua
1258 2469 1316 2513 seu
1351 2435 1446 2513 urina
1480 2444 1666 2535 perflandas

246 2546 433 2636 pulveribus
455 2556 554 2634 atque
575 2544 649 2612 aliis
669 2544 939 2612 immundiciebus
962 2547 1115 2634 proiiciat
1135 2546 1187 2612 vel
1207 2545 1371 2630 defoedet,
1390 2545 1567 2621 fistulando
1589 2544 1664 2621 aab·

203 2655 378 2728 tosannet,
408 2645 579 2712 horrendis
600 2646 736 2713 vocibus
757 2645 955 2729 acelamitet,
981 2646 1034 2710 vel
1062 2645 1168 2712 modis
1188 2645 1432 2735 quibuscunque
1453 2643 1665 2735 corporaliter

246 2757 343 2836 atque
363 2746 536 2811 enormiter
557 2745 730 2811 molestare
750 2754 947 2833 praesumat.
990 2744 1059 2812 Sub
1088 2767 1194 2833 poena
1214 2768 1252 2811 .v.
1274 2767 1481 2833 grossorum,
1508 2747 1665 2813 universi·

248 2847 308 2912 tati
326 2844 593 2910 irremissibiliter
615 2854 674 2910 etc.
1625 2862 1629 2867 ·

280 3019 325 3080 17.
358 3027 553 3081 munerun
573 3028 621 3076 Da
643 3027 715 3076 NON
736 3025 947 3077 aacffmrtno
966 3028 1040 3078 NON
1061 3027 1366 3078 mnrmcuns‘ros
1385 3030 1454 3080 vnn
1476 3031 1632 3081 tumult

695 3126 977 3175 UMIVERSI'I'ATUM
1000 3127 1210 3176 STUDEMTMS.

203 3255 237 3312 25
326 3240 464 3308 Mandat
490 3240 639 3308 omnibus
665 3251 698 3308 et
725 3241 860 3327 singulis
888 3243 1054 3329 magistris
1075 3252 1149 3325 etc,
1186 3252 1344 3330 quatenus
1374 3244 1499 3319 nullum
1520 3248 1666 3335 ipsorum

246 3345 398 3430 deinceps
419 3363 484 3407 non
505 3340 669 3406 studentes
691 3340 744 3406 vel
768 3341 906 3407 aliarum
927 3343 1176 3409 universitatum
1198 3341 1380 3426 studentes,
1408 3346 1443 3410 in
1462 3346 1667 3414 matriculam

246 3445 342 3510 huius
360 3440 583 3507 universitatis
604 3439 745 3506 nondum
767 3441 956 3529 inscriptos,
986 3439 1030 3505 ad
1051 3462 1086 3504 se
1109 3439 1262 3526 colligere
1283 3441 1336 3507 vel
1356 3442 1443 3510 ultra
1463 3447 1560 3512 unius
1581 3468 1666 3513 rnen·

248 3545 293 3608 sis
320 3541 478 3628 spatium,
506 3562 526 3604 a
553 3539 636 3605 datis
663 3539 890 3627 praesentibus
917 3538 1165 3626 computandum
1183 3541 1208 3622 ¹,
1244 3540 1384 3629 hospitio
1416 3555 1587 3633 receptare
1612 3556 1669 3612 aut

246 3643 328 3729 ipsis
351 3638 538 3705 cohabitare
559 3661 616 3705 seu
637 3641 671 3704 in
692 3637 819 3705 actibus
839 3637 1041 3707 scholasticis
1062 3637 1301 3727 quomodolibet
1326 3645 1515 3709 conversari
1535 3666 1669 3733 praesu·

206 3750 316 3809 30mat
342 3739 403 3805 sub
430 3759 536 3825 poena
561 3738 655 3804 unius
678 3760 862 3825 sexagenae
881 3759 999 3819 novae,
1028 3738 1234 3805 universitati
1258 3740 1525 3811 irremissibiliter
1546 3744 1668 3831 persol-

247 3839 381 3906 vendae.
424 3836 600 3925 Sciantque
619 3837 701 3905 tales
723 3860 788 3903 non
808 3837 1061 3920 immatriculati,
1083 3859 1118 3902 se
1138 3836 1282 3902 comodis
1304 3849 1336 3904 et
1355 3837 1562 3911 libertatibus
1575 3843 1670 3911 haim

246 3939 484 4019 universitatis,
514 3937 542 4002 si
564 3937 789 4022 (quodabsit)
811 3937 936 4025 aliquid
955 3936 1163 4003 adversitatis
1183 3937 1266 4024 ipsis
1288 3961 1347 4025 per
1368 3940 1532 4009 seculares
1554 3964 1669 4010 evena-

247 4041 307 4122 rit,
327 4035 472 4126 gaudere
492 4058 557 4102 nou
580 4057 696 4123 posse,
719 4036 822 4103 donec
841 4037 998 4105 intitulati
1019 4038 1147 4102 fuerint
1188 4036 1311 4103 Datum
1332 4048 1391 4107 etc

331 4207 378 4271 18.
408 4219 602 4269 mnarum
621 4221 668 4268 nn
688 4222 901 4287 rsosumus,
926 4221 1136 4270 omnmmus
1157 4219 1236 4270 arc.
1257 4223 1329 4271 ros
1351 4223 1593 4277 assemanum.

207 4349 240 4405 35
331 4335 469 4401 Mandat
491 4334 639 4400 omnibus
661 4345 694 4400 et
715 4336 865 4423 singulis,
894 4347 960 4402 tam
989 4337 1159 4423 graduatis
1180 4359 1276 4424 quam
1296 4360 1361 4402 non
1381 4339 1573 4425 graduatis,
1601 4342 1671 4409 nni·

248 4436 414 4504 versitatis
435 4433 580 4499 eiusdem
603 4437 791 4522 suppositis,
815 4446 974 4524 quatenus
994 4435 1117 4501 nullum
1139 4438 1284 4523 ipsorum
1303 4436 1417 4503 incolis
1438 4439 1536 4505 huius
1557 4439 1671 4527 oppidi

250 4533 335 4626 [11¹²]
367 4543 423 4599 aut
454 4532 527 4597 aliis
558 4533 803 4621 quibuscunque
825 4558 884 4622 per
902 4535 1135 4620 virgultorum,
1169 4535 1344 4622 lignorum,
1377 4537 1550 4620 arbonam,
1583 4538 1669 4605 hon·

250 4637 356 4719 dium,
384 4642 543 4719 segetum,
568 4636 768 4718 graminum,
795 4635 1047 4719 frumentorum,
1070 4637 1218 4722 pisarum
1246 4646 1302 4701 aut
1323 4659 1588 4724 quorumcunque
1606 4638 1671 4705 fru-

251 4747 360 4803 ctuum
381 4756 439 4798 seu
458 4742 545 4797 terra
559 4735 767 4799 *nascentium
788 4734 1019 4818 abscisionem,
1045 4735 1243 4802 ablationem
1270 4746 1368 4825 atque
1393 4736 1672 4807 conculcationem

210 4835 405 4902 todamnum
426 4833 553 4914 inferat,
575 4856 635 4899 nec
655 4834 737 4916 loca,
758 4832 953 4899 Rosental
974 4843 1006 4898 et
1027 4834 1337 4921 Thiergarthen
1357 4835 1538 4922 vulgariter
1558 4835 1671 4925 appel·

323 5072 332 5122 l
352 5067 405 5121 Die
422 5066 596 5136 Abkiirzung
611 5064 649 5119 ist
669 5064 767 5119 wieder
783 5064 832 5118 der
848 5066 916 5133 Art,
935 5065 999 5120 dass
1015 5065 1060 5120 die
1079 5065 1201 5137 lindung
1220 5066 1298 5122 nicht
1316 5084 1350 5121 zu
1367 5067 1508 5122 erkennen
1525 5068 1577 5135 ist,
1593 5073 1665 5124 απ

253 5151 455 5224 eomprsteadof
488 5150 564 5205 Ahar
580 5147 636 5219 vgt
654 5166 676 5202 z.
695 5147 728 5201 B.
747 5152 930 5220 cmrsputaado
947 5149 977 5206 in
993 5151 1059 5208 Nro.
1077 5154 1110 5207 62
1127 5167 1154 5204 u.
1173 5165 1198 5204 a
