3756 6158
247 493 287 555 8ss
727 490 777 539 Die
795 489 916 540 statutor
932 503 994 538 vom
1012 489 1095 541 Jshrc
1118 494 1190 550 15⁴³,
1234 539 1240 548 ,

246 681 315 738 esto
337 672 378 738 ob
399 670 552 737 delictum
573 671 687 737 floreni
709 671 888 754 dimidiati,
915 673 949 735 in
974 674 1150 758 quotnam¹
1171 672 1354 736 aestimatio
1373 674 1432 753 rei,
1455 682 1487 736 et
1508 692 1668 757 personae

247 784 280 838 et
297 773 454 860 temporis
477 782 509 837 et
529 771 593 838 loci
615 782 776 858 respectu,
798 793 897 857 penes
921 770 1091 837 arbitrium
1112 771 1261 837 electoris
1282 771 1392 836 firtrrra
1411 783 1470 836 est

847 941 1015 992 statutum
1030 941 1064 991 V.

571 1158 574 1163 ,
688 1091 735 1138 ΠΤ
757 1091 887 1139 LAESAB
909 1092 1013 1140 psum
1034 1090 1220 1139 ssrlsmr.

223 1220 239 1273 5
328 1206 436 1293 Atque
456 1208 491 1271 in
510 1206 550 1270 iis
570 1205 717 1270 omnibus
739 1205 880 1290 casibus,
902 1207 958 1295 qui
979 1209 1044 1271 iam
1066 1207 1308 1272 commemorati
1329 1215 1413 1289 sunt,
1435 1228 1532 1272 suum
1554 1207 1669 1294 cuique

246 1311 296 1372 ius
319 1306 443 1371 salvum
465 1328 536 1370 esse
556 1305 722 1389 volumus3
744 1316 777 1370 et
798 1308 836 1388 is,
859 1308 913 1395 qui
935 1304 1029 1371 alteri
1050 1304 1202 1370 iniuriam
1222 1304 1338 1371 fecisse
1358 1305 1569 1393 probabitur,
1590 1303 1668 1390 quid

245 1408 334 1473 laeso
354 1407 463 1472 facere
483 1416 538 1471 aut
559 1405 638 1469 dare
658 1404 785 1489 debeat,
805 1415 911 1472 rector
932 1427 1006 1472 cum
1029 1403 1248 1472 assessoribus
1270 1405 1439 1489 decernet,
1460 1407 1489 1471 si
1512 1426 1578 1471 non
1597 1414 1667 1492 pot-

249 1510 311 1574 erit
331 1529 384 1572 res
404 1506 492 1572 bona
512 1507 621 1592 gratia
641 1506 801 1592 componi.

816 1644 819 1648 ⁵
843 1673 1013 1724 statutum
1030 1673 1076 1723 vl.
1140 1648 1146 1657 „

207 1817 239 1872 10
591 1855 592 1859 =
621 1823 669 1872 DE
690 1822 873 1874 mmm
897 1821 1300 1873 rususcouwuwums.

327 1940 428 2006 Nemo
449 1938 565 2004 ditioni
585 1939 805 2003 universitatis
825 1947 955 2004 nostrae
975 1938 1163 2024 suppositus
1183 1934 1272 2024 apud
1284 1925 1329 2002 'se
1350 1935 1473 2002 babere
1498 1937 1668 2018 mulierem

247 2049 417 2128 suspectae
437 2037 613 2126 pudicitiae
633 2060 737 2127 neque
758 2037 934 2104 domestica
954 2036 1042 2102 illius
1063 2035 1295 2104 consuetudine
1313 2037 1361 2101 uti
1379 2031 1476 2102 ausit
1506 2036 1573 2119 Qui
1584 2031 1664 2103 fece

248 2139 307 2222 rit,
334 2160 473 2227 poenam
500 2139 656 2204 sustineto
685 2136 832 2204 solvendi
857 2136 989 2223 florines
1017 2146 1084 2202 tres
1109 2146 1166 2202 aut
1192 2138 1226 2201 in
1251 2157 1466 2202 carcerer
1487 2159 1600 2203 mense
1621 2137 1668 2202 in·

239 2237 395 2339 ,eluditoa

208 2414 239 2468 15
833 2405 1009 2458 statutum
1025 2403 1085 2456 vn.

577 2555 625 2604 Dc
646 2554 921 2619 umussnrmus
939 2554 976 2602 nt
997 2553 1097 2626 poete
1119 2552 1315 2602 muamus.

330 2670 432 2735 Nemo
455 2671 598 2736 omnium
618 2692 661 2736 ex
681 2671 801 2736 nostris
821 2670 935 2759 infami
956 2670 990 2733 in
1011 2667 1082 2735 loco
1112 2669 1294 2735 diversetur
1323 2679 1379 2735 aut
1406 2667 1535 2735 habitet
1561 2667 1671 2758 ibique

247 2769 442 2836 lenocinium
463 2780 496 2835 et
515 2766 723 2857 turpitudinis
745 2769 843 2836 veluti
864 2769 1025 2836 officinam
1049 2770 1177 2863 aperiat
1197 2767 1249 2833 vel
1269 2767 1424 2834 lasciviae
1435 2791 1476 2834 ac
1492 2768 1667 2849 libidinum

248 2870 451 2935 occasionem
478 2877 511 2934 et
539 2863 667 2956 copiam
695 2869 768 2935 aliis
796 2869 968 2958 praebeat,
996 2870 1042 2934 uti
1070 2868 1124 2961 ibi⁸
1143 2866 1277 2965 lustrari
1299 2867 1529 2956 crapularique
1553 2866 1670 2963 stalis

208 2967 346 3034 20foeda
365 2968 452 3033 facta
473 2969 580 3033 facere
601 2968 702 3036 bbere
717 2969 859 3056 possint.
893 2968 959 3050 Qui
979 2968 1123 3051 fecerint,
1143 2970 1178 3032 in
1200 2990 1257 3034 eos
1276 2967 1449 3035 vehemens
1460 2977 1494 3034 et
1506 2966 1669 3057 condigna

249 3067 365 3133 delicto
386 3075 476 3133 tanto
497 3090 604 3155 poena
624 3090 645 3132 a
663 3078 788 3134 rectore
808 3079 840 3134 et
861 3067 995 3134 consilio
1016 3067 1102 3134 illius
1123 3077 1291 3133 statuetur.

826 3237 996 3290 statutum
1015 3237 1086 3290 VIII.

540 3386 590 3434 DE
612 3386 775 3437 vmmms
797 3386 966 3436 TABERNIS
987 3387 1033 3435 ΕΤ
1054 3387 1155 3436 LOCIS
1178 3387 1373 3437 musianus.

328 3501 430 3568 Nemo
452 3501 673 3568 universitatis
694 3512 824 3569 nostrae
839 3488 990 3569 subditus
1012 3501 1065 3569 die
1092 3513 1231 3570 noctuve
1252 3505 1286 3568 in
1314 3503 1459 3568 tabernis
1487 3508 1545 3565 aut
1573 3498 1665 3565 cellis

206 3602 383 3667 25vinariis
404 3611 460 3667 aut
486 3599 566 3666 locis
593 3600 768 3668 infamibus
795 3603 999 3691 impudenter
1028 3611 1258 3670 commessetur
1287 3613 1343 3667 aut
1372 3624 1445 3667 cum
1476 3596 1665 3666 mulieribus

246 3699 421 3769 infamibus
441 3699 603 3787 flagitiose
623 3703 840 3768 convivetur·
863 3702 929 3784 Qui
948 3699 1070 3787 fecerit,
1091 3726 1154 3769 uno
1176 3701 1291 3768 florino
1313 3700 1533 3767 mulctabitur.

837 3872 1004 3934 statutum
1023 3873 1068 3923 IX.

815 4021 862 4069 nn
883 3998 1100 4071 rlocrrvsms.

331 4131 523 4221 Quicunque
550 4144 647 4200 noctu
673 4135 725 4201 vel
754 4145 869 4222 aperta
895 4136 949 4201 vel
973 4146 1059 4202 tecta
1084 4138 1167 4202 facie
1195 4161 1254 4233 por
1282 4136 1440 4224 oppidum
1461 4136 1668 4217 cursitaverit

205 4241 303 4298 ³0aut
325 4233 424 4297 armis
449 4236 619 4321 strepitum
640 4237 832 4300 excitaverit
858 4244 914 4300 aut
941 4235 1138 4302 deformibus
1168 4248 1223 4301 aut
1249 4238 1371 4302 insanis
1393 4234 1591 4301 clamoribus
1621 4242 1666 4298 tu-

246 4330 421 4397 multuatus
441 4333 553 4416 suerit,
583 4333 720 4420 denique
741 4336 959 4422 cuiuscunque
980 4338 1109 4421 generis
1130 4346 1304 4402 nocturnas
1329 4335 1443 4400 teubas
1465 4335 1665 4414 excitaverit,

246 4432 275 4496 is
295 4430 448 4496 mulctam
470 4435 589 4498 rectori
610 4433 725 4500 solvito
746 4433 934 4500 florinorum
954 4436 1061 4500 trium.

847 4601 1012 4654 Statntum
1031 4605 1064 4654 X.

794 4753 841 4800 Du
862 4752 1112 4802 marcemus

203 4871 237 4926 35
327 4861 509 4928 Scurriles²
529 4863 623 4931 ludos
645 4875 679 4931 et
697 4866 811 4951 aleam,
831 4867 959 4956 legibus
980 4892 1109 4956 semper
1126 4870 1271 4953 vetitam,
1292 4891 1444 4935 exercere
1457 4891 1558 4955 quam
1571 4878 1664 4955 turpe

315 5065 325 5114 l
348 5059 385 5114 So
402 5060 475 5115 steht
491 5062 683 5132 gescbriebem
702 5064 746 5118 ich
764 5066 907 5122 vermutbe
925 5067 998 5135 aber,
1017 5067 1080 5122 dass
1100 5085 1135 5121 zu
1154 5067 1228 5123 lesen
1246 5067 1284 5122 sei
1300 5069 1330 5120 io
1347 5074 1477 5136 wotos
1492 5087 1556 5125 noa.

312 5149 327 5199 2
344 5143 531 5201 Gcscbrieben
548 5145 622 5203 steht
639 5149 758 5206 Similes.
