3756 6158
231 489 292 552 404
724 482 776 532 Dic
792 481 1013 546 philosophischc
1030 483 1158 534 Faculti'tt.

314 669 438 727 Fortun
454 667 535 726 wird
564 667 611 726 dt'e
630 667 825 744 Eintheilunq
851 670 920 727 sehr
948 667 1103 746 schwierip
1129 689 1165 728 au
1193 669 1430 730 derelictam.
1474 673 1530 756 Ich
1554 674 1657 750 qlauhr

234 768 277 826 aie
297 768 336 825 im
354 767 527 844 Folpeaden
548 769 627 825 nach
647 768 810 844 Anlcituuq
830 769 882 825 dea
903 763 994 829 Ordo
1017 773 1211 830 statutorum
1234 774 1296 843 aas
1312 770 1360 828 ΒΖ.
1382 771 1428 833 3·
1448 751 1594 849 richtiqcr
1612 793 1656 849 9ι-

234 869 344 943 troffen
363 887 400 924 zu
427 868 521 926 haben
550 867 635 924 als'
623 888 656 925 m
685 870 742 926 den
769 867 913 928 Urkuudl.
939 868 1119 933 QuellenS
1141 870 1201 954 832
1216 873 1266 945 sq.
1315 871 1377 989 1791.
1399 872 1478 929 auch
1506 873 1555 930 die
1575 873 1655 934 Auru.

232 986 269 1024 zu
295 966 392 1040 VIII,
415 969 453 1030 10
473 986 502 1024 ιι.
522 967 581 1027 IX.

189 1180 304 1247 svn.
337 1177 496 1268 [31:14⁸]
528 1179 587 1245 De
609 1180 894 1266 assumptione
921 1179 1260 1248 baccalariorum
1287 1181 1466 1247 alterius
1494 1184 1653 1248 univer·

232 1281 383 1345 sitatis
406 1288 444 1344 et
466 1278 512 1344 de
534 1278 830 1366 disputatione
850 1288 888 1343 et
907 1279 1121 1347 honestate
1140 1282 1475 1348 baccalariorum
1495 1292 1654 1348 nostrae

638 1380 941 1444 universitatis
962 1389 1002 1444 et
1023 1378 1254 1448 facultatis.

284 1596 286 1602 ·
321 1565 366 1630 1.¹
392 1562 536 1647 Placuit,
556 1572 593 1629 ut
618 1561 725 1628 nullus
753 1561 958 1627 baccularius
985 1561 1119 1629 alterius
1145 1567 1367 1630 universitatis
1394 1573 1587 1630 assumatur
1617 1564 1661 1630 ad

231 1659 426 1729 facultatem'
440 1665 581 1746 arcium,
598 1663 663 1727 nisi
685 1660 832 1727 docuerit
852 1654 1089 1748 promotionem
1116 1687 1208 1728 suam
1233 1663 1355 1729 litteris·
1378 1666 1553 1730 autenticis
1583 1685 1655 1730 suae

194 1774 226 1830 10
234 1763 457 1829 universitatis
481 1761 533 1827 vel
551 1761 732 1846 facultatis,
762 1759 815 1826 vel
837 1760 920 1826 duos
941 1763 1122 1848 magistros.
1136 1763 1266 1846 haheat,
1286 1765 1342 1848 qui
1362 1785 1425 1850 pro
1447 1785 1486 1828 eo
1506 1763 1656 1829 fideiuhe

233 1874 299 1947 ant,
320 1858 356 1928 ut
375 1861 458 1926 tales
476 1859 590 1927 literas
610 1861 697 1925 infra
724 1859 865 1925 medium
895 1883 1017 1935 annum
1044 1861 1104 1927 sub
1126 1849 1232 1950 poena
1253 1864 1389 1950 periurii
1411 1872 1443 1927 et
1465 1862 1656 1929 exclusionis

235 1962 379 2028 eiusdem
393 1961 581 2027 assumendi
596 1968 764 2050 apportet3
786 1957 838 2024 vel
856 1981 916 2046 per
931 1961 1149 2036 iuramentum
1169 1985 1261 2028 suum
1280 1964 1458 2050 proprium,
1485 1965 1514 2026 si
1535 1961 1656 2027 litteras

234 2064 415 2128 autenticas
441 2071 660 2148 competenter
684 2051 807 2125 hahere
832 2083 898 2126 non
925 2062 1059 2148 poterit,
1081 2070 1114 2126 et
1138 2061 1258 2127 haheat
1284 2062 1366 2128 duae
1396 2083 1557 2149 personas
1584 2061 1655 2127 fide

234 2161 362 2249 dignas,
384 2163 441 2248 qui
463 2161 522 2227 suh
543 2161 611 2227 suis
629 2160 818 2226 iuramentis
840 2159 961 2244 dicant,
982 2159 1081 2226 talem
1103 2162 1151 2226 sic
1172 2160 1401 2226 assumendum
1422 2165 1458 2227 in
1478 2159 1538 2226 tali
1557 2160 1657 2246 gradu

194 2272 225 2328 15
235 2284 306 2328 esee
329 2270 521 2349 promotum.

320 2367 347 2427 2.
368 2361 450 2426 Item
466 2360 572 2426 nullus
593 2357 852 2425 baccalariorum
867 2361 902 2428 in
917 2359 1042 2426 artibus
1061 2367 1169 2447 portet
1185 2359 1382 2447 palliumex
1398 2371 1538 2449 utroque
1558 2360 1655 2426 latere

232 2460 286 2527 vel
303 2483 367 2526 uno
381 2470 531 2548 apertum
547 2482 620 2525 cum
633 2453 746 2546 iopula
765 2458 818 2524 vel
837 2460 999 2544 tunicella,
1019 2482 1103 2546 quae
1123 2482 1189 2524 non
1208 2459 1414 2547 protenditur
1434 2459 1524 2526 ultra
1544 2483 1655 2545 genua,

233 2583 338 2648 neque
361 2560 460 2625 alium
481 2559 628 2626 habitum
648 2559 849 2626 indecentem
872 2559 1007 2626 deferat.
1052 2559 1119 2640 Qui
1140 2563 1168 2625 si
1191 2563 1390 2626 contrarium
1411 2562 1573 2644 fecerit,
1561 2559 1656 2626 mdi-

238 2660 339 2725 midio
355 2659 476 2725 floreno
491 2679 552 2747 per
570 2657 727 2724 decanum
743 2657 907 2724 facultatis
924 2663 1048 2726 arcium
1063 2661 1225 2748 puniatur.
1269 2660 1380 2741 Qui
1354 2683 1381 2726 ιι
1403 2684 1439 2726 se
1462 2662 1657 2781 opposuerit,

191 2759 279 2826 wad
298 2754 468 2825 ulteriores
489 2758 642 2845 gradus
629 2781 666 2823 in
687 2757 837 2822 artibus
831 2781 899 2824 non
920 2759 1119 2825 admittatur

320 2865 350 2927 3.
371 2858 453 2923 Item
470 2854 674 2924 baccalarius
692 2857 826 2923 alterius
845 2860 1069 2925 universitatis
1090 2859 1144 2924 hic
1167 2870 1354 2947 assumptus
1374 2843 1502 2932 iurabit
1520 2861 1581 2927 suh
1602 2860 1658 2927 hac

235 2959 355 3030 forma:
368 2958 476 3073 ·„Ego
494 2958 573 3022 .Ν.“
563 2981 645 3042 ruro,
667 2958 755 3044 quod
775 2958 862 3023 infra
883 2958 1081 3046 quindenam
1098 2959 1245 3025 facultati
1266 2956 1364 3024 velim
1386 2959 1548 3037 solveret
1570 2962 1659 3027 flore·

236 3081 313 3123 num
329 3059 512 3148 reinensem
532 3067 565 3122 et
582 3057 724 3123 medium
738 3059 896 3124 florenum
917 3081 977 3145 pro
998 3059 1077 3125 fisco
1098 3061 1330 3141 universitatis,
1350 3057 1403 3123 vel
1425 3058 1659 3126 obtineremus

236 3157 458 3234 dimissionem
472 3156 525 3222 vel
536 3156 723 3223 dilationem
735 3179 755 3222 a
765 3155 933 3241 facultate3
955 3160 1032 3224 item
1048 3159 1149 3246 quod
1155 3168 1301 3246 tempore
1317 3179 1410 3251 meae
1429 3163 1659 3250 assumptionis

136 3339 141 3355 ¹
192 3259 394 3324 25nuncciis
398 3258 620 3322 universitatis
637 3256 723 3323 dabo
736 3256 887 3328 admiuus
899 3270 1038 3352 quatuor
1048 3256 1199 3346 grossos}
1221 3260 1298 3324 item
1315 3258 1402 3345 quod
1426 3255 1551 3326 bonum
1569 3261 1658 3327 huius

235 3360 460 3424 universitatis
483 3366 516 3422 et
534 3356 698 3423 facultatis
720 3358 844 3422 arcium
864 3347 962 3423 velim
990 3369 1184 3446 procurare,
1211 3368 1243 3424 et
1273 3367 1394 3425 statuta
1421 3370 1454 3425 et
1481 3361 1659 3442 statuenda,

238 3481 323 3546 quac
344 3468 419 3523 sunt
439 3481 500 3546 pro
520 3457 605 3523 bono
633 3458 854 3523 universitatis
883 3469 915 3523 et
942 3458 1107 3525 facultatis
1133 3458 1338 3547 praedictae,
1366 3458 1410 3524 ad
1438 3482 1659 3550 quemcunque

239 3568 358 3623 etatum
379 3558 550 3643 devenero,
572 3557 670 3624 velim
691 3556 897 3623 observare.“
935 3627 936 3630 ,

838 3699 866 3759 4·
890 3711 951 3775 vgl.
969 3712 1002 3774 X,
1021 3711 1060 3763 16.
1143 3766 1146 3773 ⁴

195 3819 229 3877 30
321 3813 403 3878 Item
425 3809 547 3897 placet,
569 3809 655 3896 quod
677 3808 812 3897 quilibet
832 3808 1036 3875 baccalarius
1057 3812 1092 3875 in
1113 3809 1239 3874 artibus
1268 3819 1395 3875 tenetur
1414 3811 1451 3875 in
1469 3811 1586 3877 ordine
1607 3834 1658 3876 suo

237 3910 290 3976 die
308 3911 469 3976 dominico
488 3909 665 3997 disputare,
688 3923 760 3975 cum
783 3911 984 3976 intimatione
1004 3909 1136 3997 publica
1157 3933 1222 3976 non
1242 3910 1345 3975 solum
1366 3909 1409 3974 ad
1431 3909 1548 3977 valvas
1570 3911 1657 3977 colle

240 4013 368 4097 giorum
391 4010 572 4077 sedeciam
594 4010 637 4076 ad
659 4010 791 4075 bursam
807 4010 994 4093 facultatis,
1016 4033 1098 4099 quae
1127 4021 1184 4076 est
1202 4009 1291 4076 locus
1318 4009 1534 4098 paedagogii3
1567 4035 1658 4100 quam

240 4109 495 4198 disputationem
507 4110 650 4181 decanus
667 4120 795 4191 tenetur
818 4110 881 4175 sibi
902 4109 945 4174 ad
967 4119 1037 4175 octo
1059 4108 1130 4175 dies
1152 4121 1227 4175 ante
1246 4133 1306 4198 per
1326 4109 1485 4175 famulum
1506 4113 1658 4178 universi-

239 4212 316 4275 tatis
329 4212 489 4276 intimare.
523 4210 567 4274 Et
583 4210 779 4298 disputando
797 4210 962 4277 ordinarie
983 4232 1049 4274 non
1070 4213 1180 4297 capiat
1201 4211 1406 4297 quaestiones
1426 4210 1494 4275 nisi
1514 4213 1549 4276 in
1570 4211 1659 4300 loyca

195 4319 229 4376 3⁵
239 4320 271 4375 et
283 4309 491 4398 philosophia
503 4309 654 4394 naturali,
676 4333 735 4391 nec
751 4308 953 4398 sophismata
968 4311 1031 4374 nisi
1046 4307 1308 4396 in'grammatica
1329 4322 1362 4376 et
1381 4311 1488 4400 loyca,
1513 4313 1561 4378 sic
1578 4311 1657 4401 quod

238 4411 402 4476 rethorica
415 4420 545 4476 maneat
559 4433 618 4498 pro
638 4411 804 4496 magistris
824 4418 960 4498 propter
980 4411 1117 4474 tercium
1137 4410 1321 4528 sophisma,
1339 4410 1399 4476 sub
1421 4435 1530 4499 poena
1553 4413 1656 4479 decem

240 4530 447 4597 grossorum,
477 4534 557 4598 quos
586 4512 728 4577 decanus
756 4509 815 4576 sub
845 4533 904 4576 suo
932 4511 1112 4576 iuramento
1139 4519 1266 4576 tenetur
1295 4513 1441 4631 rigorose
1469 4523 1656 4602 extorquere

235 4611 419 4678 abeodem.

834 4720 863 4780 5·
882 4730 1054 4796 Vgt.x‚1t.

322 4826 404 4893 Item
426 4825 558 4915 placuit,
581 4828 667 4915 quod
686 4827 792 4894 nullus
811 4827 1071 4895 baccalariorum
1092 4827 1282 4915 plusquam
1303 4826 1403 4893 semel
1424 4829 1460 4893 in
1480 4828 1533 4895 die
1555 4839 1650 4895 extra·

194 4925 403 4993 soordinarie
425 4926 597 5014 disputet
587 4951 622 4992 ιιι
643 4929 751 5016 aliquo
780 4928 986 4996 lectoriorum
1017 4952 1090 4995 cum
1111 4929 1319 4992 intimacione
1340 4925 1475 5013 publica
1495 4939 1527 4994 et
1547 4927 1649 4994 habitu

323 5098 334 5147 1
356 5094 410 5148 Am
423 5093 534 5157 Raude:
552 5094 633 5149 Illud
647 5101 775 5150 statutum
792 5095 881 5150 ῑασιιιι
897 5095 1113 5150 declaraturum
1123 5094 1205 5166 solio
1220 5099 1250 5150 19
1267 5095 1329 5168 (21),
1344 5097 1394 5151 ubi
1411 5098 1500 5187 mm
1517 5098 1607 5168 αφίιιιι
1619 5095 1648 5147 ds

236 5177 406 5234 bmealariia
422 5180 590 5234 αιιιιιιιιιάιι
605 5181 720 5234 aanor
735 5181 930 5236 ausoauso.
