3756 6158
775 499 894 550 Libellus
909 499 1067 552 formularis.
1574 502 1632 566 133

208 687 271 747 102.
297 677 359 767 [Bl.
377 679 450 768 49⁸]
484 699 602 747 roam
625 698 781 745 illunsrr
801 696 940 747 corrrss
962 701 1190 750 amasrosuu
1210 702 1253 750 sc
1274 701 1431 749 rurouuu
1451 697 1633 746 unsrruuu

314 798 557 847 mnscsurrurr
578 797 783 846 nsns'rorrns
806 798 873 844 rsa
892 797 1056 847 norman
1078 800 1266 849 sacrosan
1288 799 1523 849 rnouuscsm.

286 928 372 996 Cum
401 930 577 995 secuudum
604 928 907 994 iurisconsultorum
936 933 1127 996 sententiam
1155 934 1199 1014 is,
1227 934 1282 1018 qui
1311 932 1431 997 illicitis
1452 929 1635 1017 insignibus

204 1040 259 1095 aut
279 1028 428 1096 vestibus
449 1053 506 1096 suo
528 1030 625 1095 statui
646 1029 778 1093 minime
796 1029 1048 1114 congruentibus
1065 1033 1175 1113 utitur,
1198 1032 1320 1097 crimen
1337 1030 1412 1096 falsi
1429 1031 1528 1117 (quod
1542 1029 1632 1114 leges

205 1151 264 1216 pro
300 1127 437 1195 admissi
468 1129 624 1218 qualitate
655 1129 850 1215 gravissime
877 1129 1076 1216 puniendum
1103 1138 1306 1209 censuerunt)
1338 1131 1539 1195 committere
1566 1139 1657 1193 nont

206 1227 407 1316 ambigatur,
437 1238 468 1294 et
493 1227 650 1293 birretum
674 1226 805 1292 habitus
835 1228 876 1292 sit
903 1250 967 1291 non
1000 1228 1130 1313 quidem
1159 1228 1355 1296 scholarium
1385 1251 1498 1294 verum
1523 1230 1632 1316 potius

207 1327 377 1394 doctorum
397 1326 575 1393 conditioni
593 1328 753 1412 statuique
777 1348 968 1412 congruens,
990 1326 1137 1416 ideoque,
1160 1351 1201 1393 ne
1223 1329 1387 1395 scholares
1410 1328 1505 1394 huius
1527 1329 1632 1394 almae

207 1427 438 1510 universitatis,
460 1426 584 1492 birreta
605 1429 671 1492 suis
693 1424 829 1491 statibus
851 1424 939 1490 haud
960 1429 1173 1513 congruentia
1185 1427 1376 1511 deferentes,
1399 1451 1537 1515 poenam
1556 1425 1631 1492 falsi

208 1536 236 1591 et
261 1527 430 1613 signanter
455 1549 595 1613 poenam
624 1525 751 1606 statuti,
782 1523 979 1590 birretorum
1010 1549 1049 1590 ac
1078 1526 1214 1592 aliorum
1243 1525 1461 1616 quorumlibet
1480 1527 1629 1592 indecen-

208 1627 285 1691 tium
310 1624 481 1691 habituum
507 1623 703 1689 delationem
730 1622 949 1711 prohibentis,
976 1625 1140 1709 incidant,
1167 1627 1215 1691 .N.
1238 1626 1278 1691 de
1298 1628 1346 1692 .N.
1365 1636 1472 1691 rector
1495 1625 1671 1691 mandatio

209 1723 354 1791 omnibus
376 1734 409 1790 et
429 1723 565 1809 singulis
586 1723 781 1790 baccalariis
803 1733 835 1788 et
856 1722 1059 1790 studentibus
1082 1726 1304 1791 universitatis
1326 1725 1487 1808 eiusdem,
1523 1736 1633 1813 quate·

208 1847 264 1890 aas
295 1822 404 1890 nullus
439 1824 586 1910 ipsorum
617 1822 771 1917 deinceps
800 1821 957 1888 birretum
988 1846 1044 1889 scu
1066 1846 1289 1913 quemcunque
1311 1824 1410 1890 ulium
1430 1824 1634 1890 indecentem

208 1922 351 1989 habiturn
381 1920 512 2009 publice
542 1920 668 1986 deferre
697 1930 894 2008 praesumat.
936 1920 1004 1987 Sub
1026 1946 1131 2011 poena
1152 1947 1193 1988 .x.
1217 1947 1407 2010 grossorum
1426 1922 1632 1989 universitati

208 2024 338 2105 tociens,
357 2023 506 2108 quotiens
523 2022 720 2085 contrarium
741 2021 849 2087 lacere
863 2023 1131 2108 praesumpserit,
1154 2023 1423 2089 irremissibiliter
1445 2021 1630 2110 persolven-

210 2121 331 2189 dorum
369 2121 495 2187 Datum
517 2128 578 2185 stc.
1642 2129 1673 2184 15

289 2325 358 2389 103.
387 2323 544 2383 Hieraacb
566 2342 632 2381 war
653 2323 787 2382 dasrelbc
808 2323 941 2382 Mandat
961 2325 1113 2384 nocbmals
1136 2325 1370 2402 abycscbricbea,
1392 2323 1528 2383 wbrtlicb
1548 2323 1631 2380 tiber-

208 2424 409 2483 ciastr‘mmcnd
429 2415 504 2506 (aar
524 2425 596 2481 daca
616 2431 690 2481 stau
711 2417 1016 2484 iurisconsultorum
1027 2425 1217 2500 pascbricbca
1234 2425 1272 2483 r'at
1287 2420 1547 2507 iurisperitorum
1570 2423 1633 2480 aad

209 2525 259 2583 der
285 2522 410 2582 Sablasa
435 2541 493 2580 aon
521 2520 778 2605 praesumpserit
804 2541 846 2580 aa
866 2516 978 2601 ΜΗ),-
1009 2524 1160 2583 Iohannes
1190 2524 1287 2585 Fabri
1314 2524 1408 2583 ctricb
1435 2525 1530 2582 daber
1557 2521 1635 2580 dicae

208 2621 302 2682 maile
323 2620 491 2696 Abscbrifl‚
520 2622 569 2681 Bt
588 2619 662 2694 49¹»,
685 2623 780 2681 durch
808 2622 872 2680 aad
893 2620 1007 2679 scbrieb
1037 2622 1089 2681 mit
1114 2625 1217 2682 rotber
1248 2623 1334 2681 Tinte
1361 2625 1410 2684 Bl.
1434 2623 1493 2685 49·
1523 2629 1633 2679 antea:

208 2714 351 2804 Sequens
371 2716 478 2782 forma
496 2727 593 2783 vacat
615 2725 646 2781 et
665 2713 851 2802 superfluit,
881 2737 954 2780 curn
982 2717 1016 2781 in
1045 2718 1160 2783 effectu
1182 2720 1224 2783 sit
1245 2717 1360 2784 eadem
1383 2738 1458 2783 oum
1481 2716 1677 2805 proximabo

210 2814 425 2903 praecedenti.

221 3072 284 3135 lot.
319 3080 460 3131 consus
482 3081 730 3131 nucurruurss
751 3081 821 3129 sur
844 3081 958 3131 secun
979 3081 1200 3132 narmaurus
1223 3083 1399 3134 suasores
1419 3080 1624 3132 massaris

751 3180 820 3229 sur
841 3182 1087 3232 rroscsrrrns.

286 3312 341 3380 Ex
363 3313 590 3379 commissione
611 3311 746 3378 illustris
768 3312 927 3400 principis
949 3322 981 3379 et
1002 3313 1122 3379 domini
1136 3324 1196 3380 etc.
1210 3314 1258 3381 .N.
1268 3324 1376 3379 rector
1386 3312 1522 3379 mandat
1536 3313 1635 3379 omni-

209 3412 267 3481 bus
287 3422 323 3480 et
343 3410 480 3500 siugulis
500 3413 724 3478 universitatis
746 3410 890 3477 eiusdem
913 3415 1107 3501 suppositis,
1129 3413 1309 3479 districtius
1330 3411 1526 3497 inhibendo,
1558 3421 1678 3499 qua-25

209 3524 298 3581 tenus
327 3510 451 3577 nullum
476 3513 622 3599 ipsorum
651 3508 740 3599 [50⁸]
769 3534 942 3598 personam
967 3511 1018 3577 vel
1048 3535 1215 3600 personas,
1242 3521 1376 3600 propter
1400 3534 1458 3577 sua
1480 3511 1638 3578 demerita

210 3624 238 3680 a
256 3632 413 3680 excessus
435 3609 478 3676 ab
498 3610 560 3676 hoc
581 3610 702 3697 oppido
724 3610 776 3676 vel
798 3610 928 3677 aliunde
948 3614 1166 3700 proscriptam
1187 3610 1240 3677 vel
1261 3613 1482 3699 proscriptas,
1510 3612 1634 3696 relega-

208 3722 271 3781 tum
292 3710 346 3778 vel
368 3709 548 3798 relegatas,
571 3732 722 3775 seucum
743 3709 794 3774 rel
817 3732 889 3794 eos,
917 3734 1010 3798 quern
1033 3712 1085 3777 vel
1106 3735 1188 3800 quos
1210 3712 1351 3798 praefati
1372 3711 1495 3778 domini
1516 3711 1636 3798 prinoi-

207 3816 258 3903 pis
276 3810 537 3898 indignationem
558 3810 735 3876 incurrisse
757 3811 955 3893 eonstiterit,
977 3812 1196 3900 cuiuscunque
1219 3810 1432 3894 conditionis,
1463 3833 1562 3875 sexus
1584 3808 1637 3875 vel

206 3922 310 3980 slatus
329 3910 428 3976 fuerit
447 3911 656 3991 calluerint,
678 3909 822 3996 hospitio
842 3911 1005 3997 recipere,
1031 3933 1144 3975 mensa
1165 3912 1290 3992 fovere,
1322 3908 1518 3993 conducere,
1548 3916 1678 3974 asso-30

206 4014 293 4080 ciare
321 4018 378 4078 aut
405 4010 440 4075 in
467 4009 669 4075 habitatione
699 4030 808 4073 secum
836 4018 947 4075 tenere
968 4010 1020 4075 vel
1042 4009 1147 4075 eidem
1169 4019 1226 4073 aut
1248 4009 1370 4075 eisdem
1390 4007 1634 4094 quomodolibet

205 4110 398 4179 conversari
419 4117 617 4195 praesumat.
659 4106 728 4173 Sub
750 4130 857 4194 poena
879 4131 921 4173 .x.
942 4107 1052 4173 floren.
1073 4118 1129 4173 aut
1143 4107 1341 4174 exclusionis
1355 4106 1397 4174 ab
1414 4108 1634 4173 universitate.

205 4211 332 4281 Datum
352 4216 414 4277 etc.

509 4412 576 4475 105.
607 4423 789 4473 mrnrsrro
812 4422 880 4471 rao
900 4421 992 4472 suus
1014 4421 1338 4471 nocroasunonuu„

291 4557 377 4627 Cras
397 4557 432 4623 in
453 4556 615 4646 principio
637 4554 737 4621 horae
760 4579 798 4620 .n.
821 4555 869 4620 .N.
887 4553 927 4620 de
940 4553 998 4637 .N.,
1010 4554 1127 4619 artium
1141 4555 1307 4640 magister,
1326 4550 1507 4617 medicinae
1523 4547 1677 4614 doctores

208 4657 423 4745 eiusdemque
436 4655 600 4722 facultatis
622 4654 775 4737 decanus,
797 4653 921 4719 tenebit
941 4651 1051 4718 aulam
1072 4675 1132 4739 pro
1154 4651 1388 4740 spectabilibus
1411 4659 1443 4715 et
1465 4656 1633 4736 praestan·

208 4755 293 4823 tibus
316 4756 412 4839 viris,
433 4755 564 4822 domino
585 4755 634 4820 .N.
657 4764 689 4820 et
710 4752 840 4820 domino
863 4753 928 4835 .N.,
950 4753 1069 4817 artium
1090 4752 1257 4838 magistris
1279 4760 1311 4816 et
1331 4749 1505 4816 hcontiatis
1527 4749 1561 4813 in
1582 4769 1636 4813 ea·

211 4855 283 4922 dem
304 4852 487 4921 medicinae
506 4852 671 4921 facultate.

793 4952 832 5017 ln
854 4949 992 5017 ecclesia
1012 4949 1116 5014 sancti
1139 4946 1276 5014 Nicolai.
