3756 6158
237 487 296 554 348
726 493 776 543 Die
794 493 1012 557 philosophisclrc
1033 495 1160 544 Facult'rtt.

236 681 298 753 tus,
325 672 386 735 nisi
408 674 504 758 prius,
521 673 644 737 steterit
672 675 705 738 in
732 676 796 739 ista
823 678 1031 741 universitate
1057 698 1114 763 per
1141 673 1282 739 medium
1309 698 1426 740 annum
1455 685 1486 738 et
1515 676 1549 739 in
1575 675 1640 755 ista,

237 771 321 835 unde
347 773 448 854 venit,
478 774 580 836 eciam
600 771 686 837 ultra
706 774 847 839 medium
873 799 1000 858 annum,
1029 784 1061 840 et
1086 774 1258 840 dummodo
1283 775 1476 840 sufficientes
1497 775 1640 839 informa·

238 871 345 934 ciones
365 870 478 935 fecerit
497 871 540 936 de·
559 871 727 937 audicione
749 872 904 939 librorum
917 877 960 954 in
981 875 1046 940 alia
1064 876 1281 940 universitate.

389 1132 390 1135 Ἴ
623 1045 650 1106 6.
671 1056 718 1104 nn
741 1058 1032 1106 ansrousromaus
1055 1057 1259 1106 onnmlnns.

192 1175 208 1231 5
740 1142 743 1146 Δ
799 1176 858 1243 Vgl.
877 1177 1022 1239 Hauptstat
1042 1177 1082 1226 36.

315 1286 396 1349 Item
418 1284 522 1350 nullus
544 1286 787 1380 debetadmitti
808 1288 850 1353 ad
872 1312 1009 1356 examen
1035 1313 1094 1376 pro
1121 1288 1226 1376 gradu
1252 1288 1489 1353 baccalariatus
1516 1289 1549 1352 in
1574 1289 1639 1351 arti·

236 1383 306 1467 bus,
331 1385 395 1448 nisi
420 1387 525 1449 sexies
547 1387 750 1472 responderit
777 1387 940 1452 ordinarie
966 1398 997 1453 et
1024 1391 1145 1453 tociens
1173 1386 1430 1452 extraordinarie
1455 1397 1522 1452 tam
1549 1388 1640 1472 magi·

237 1486 312 1548 stris
342 1506 437 1569 quarn
466 1482 673 1566 baccalariis,
704 1485 817 1551 diebus
845 1486 1014 1553 dominicis
1041 1487 1091 1552 vel
1119 1497 1215 1552 extra
1241 1486 1491 1572 disputantibus.
1530 1485 1594 1567 Qui
1619 1487 1640 1548 si

237 1582 353 1647 absens
373 1582 484 1666 filerit,
513 1583 685 1648 dummodo
707 1584 768 1649 sibi
790 1587 938 1670 arguitur
958 1585 1011 1651 vel
1040 1596 1262 1672 argumentum
1288 1587 1491 1673 proponitur,
1517 1607 1639 1671 respon-

198 1691 228 1745 10
239 1684 286 1747 sio
316 1681 406 1764 talis,
437 1683 507 1746 sive
539 1682 729 1770 principalis
758 1685 826 1748 sive
854 1686 959 1749 minus
989 1685 1178 1782 principalis
1206 1684 1317 1766 luerit,
1347 1707 1412 1749 non
1441 1683 1538 1749 debet
1565 1706 1639 1748 con·

238 1783 356 1878 putari.

267 1952 293 2012 7.
315 1965 350 2012 ΙΝ
370 1964 463 2025 Quor
485 1964 795 2014 DISPUTACIONIBUS
815 1941 1013 2016 Onomastus
1034 1967 1292 2017 PROMOVENDUS
1313 1968 1349 2016 IN
1369 1965 1608 2015 succuram!

741 2067 904 2114 TENETUR
925 2066 1142 2116 COMPARERE.
1619 2073 1620 2079 ’

803 2202 862 2264 vgt.
883 2203 1028 2265 stupeat,
1046 2202 1087 2253 ³7.
1175 2213 1182 2223 ¹

199 2341 228 2395 15
319 2329 400 2393 Item
412 2329 524 2395 nullus
546 2330 588 2394 ad
609 2352 746 2395 examen
767 2331 1003 2397 baccalariatus
1022 2335 1056 2397 in
1077 2333 1200 2400 artibus
1222 2331 1420 2413 admittatur,
1440 2330 1504 2395 nisi
1525 2331 1560 2395 in
1579 2352 1640 2394 con·

240 2430 379 2493 sciencia
406 2452 466 2493 sua
488 2428 589 2511 dicat,
618 2424 704 2517 quod
733 2433 767 2495 in
782 2433 929 2518 triginta
955 2431 1233 2520 disputationibus
1260 2430 1434 2496 ordinariis
1464 2439 1531 2494 tam
1550 2430 1641 2514 magi·

238 2538 375 2592 strorum
402 2551 499 2614 quarn
526 2528 781 2595 baccalariorum
810 2531 965 2616 praesens
991 2531 1053 2596 fuit
1076 2530 1243 2613 tamdiu,
1268 2530 1372 2596 donec
1396 2525 1481 2616 [aas]
1504 2527 1642 2593 adruinus

238 2628 379 2714 quinque
414 2629 562 2714 magistri
600 2637 657 2693 aut
693 2628 868 2694 baccalarii
908 2630 1104 2719 arguebant,
1143 2631 1171 2695 si
1209 2628 1322 2695 saltem
1358 2638 1406 2693 tot
1438 2627 1490 2693 -ibi
1527 2629 1643 2693 fuerunt

237 2737 420 2812 arguentes.
940 2750 947 2757 ·

197 2901 231 2957 20
376 2900 404 2962 8.
425 2912 472 2959 ns
493 2913 639 2979 unsara,
660 2912 932 2961 nssrrrnnrars
954 2914 1000 2962 nr
1022 2907 1173 2961 uonmu‘s
1194 2912 1517 2997 raouovsunonura

802 3032 864 3094 Vgl.
886 3034 1029 3094 Hauptstat.
1046 3027 1085 3082 40.

321 3145 403 3209 Item
424 3143 529 3208 nullus
551 3145 739 3209 admittatur
760 3145 802 3210 ad
823 3167 959 3210 examen
980 3168 1039 3231 pro
1059 3144 1166 3230 gradu
1193 3132 1431 3210 baccalariatus
1457 3143 1493 3210 in
1521 3141 1645 3222 artibus,

238 3245 301 3308 nisi
329 3245 472 3328 attigerit
500 3266 619 3309 annum
641 3243 800 3309 decimum
831 3246 1007 3330 septimum
1028 3252 1060 3307 et
1087 3242 1127 3308 de
1156 3243 1314 3330 legittimo
1336 3242 1542 3308 matrimonio
1562 3251 1645 3305 natus

239 3346 281 3408 sit
302 3355 333 3407 et
353 3343 434 3407 alias
456 3342 599 3407 moribus
621 3342 885 3408 commendabilis
906 3345 1040 3424 existat,
1069 3344 1116 3407 sic
1138 3343 1224 3429 quod
1244 3343 1279 3407 in
1299 3340 1387 3407 nullo
1409 3359 1548 3407 excessu
1566 3349 1645 3405 nota·

197 3443 296 3508 abili
324 3453 355 3506 et
385 3443 511 3506 notorio
541 3441 759 3527 deprehensus
787 3443 898 3524 fuerit,
926 3440 1011 3528 quod
1040 3441 1092 3513 de„
1108 3441 1251 3529 quolibet
1278 3432 1437 3522 seorsum,
1467 3439 1589 3504 scilicet
1613 3437 1647 3502 de

240 3550 345 3609 aetate
365 3549 397 3605 et
418 3541 644 3627 legittimitate,
674 3551 747 3605 ante
773 3541 1000 3606 admissionem
1023 3540 1065 3604 ad
1090 3563 1226 3605 examen
1254 3562 1313 3626 per
1336 3538 1494 3604 decanum
1516 3540 1646 3625 inquira-

238 3651 290 3705 tur
313 3639 491 3725 diligenter.
533 3639 622 3720 Quos
646 3642 746 3704 eciam
769 3651 800 3704 et
822 3638 1000 3725 quemlibet
1014 3641 1048 3703 in
1071 3638 1187 3723 aliquo,
1215 3647 1251 3703 ut
1271 3639 1500 3725 praemittitur,
1523 3658 1647 3703 excessu

238 3739 372 3804 notabili
396 3739 521 3804 notorio
548 3736 739 3824 culpabilem
766 3737 901 3824 quilibet
926 3740 1154 3824 magistrorum
1181 3739 1285 3803 sciens
1308 3737 1524 3816 denuncciare
1549 3746 1580 3801 et
1598 3737 1647 3799 im·

239 3837 351 3924 pedire
379 3848 483 3924 potest
504 3848 535 3902 et
555 3847 690 3919 tenetur,
717 3860 776 3901 nec
803 3840 906 3901 eciam
931 3837 1004 3900 talis
1031 3838 1230 3922 inposterum
1256 3835 1458 3918 admittatur,
1484 3836 1549 3899 nisi
1570 3832 1648 3898 *adeo

198 3937 446 4002 301audabiliter
470 3950 500 4000 et
520 3939 662 4001 virtuose
684 3959 718 4000 se
747 3939 884 4019 rexerit,
913 3937 997 4022 quod
1020 3958 1062 4000 cx
1082 3943 1248 4000 transacta
1267 3936 1412 4000 virtuosa
1436 3935 1506 3999 eius
1529 3935 1596 3997 vita
1615 3930 1649 3995 de

241 4036 447 4123 subsequenti
475 4037 542 4100 eius
565 4036 813 4100 conversacione
842 4035 999 4101 laudabili
1027 4044 1262 4122 praesumatur.
1304 4033 1347 4097 Et
1366 4032 1468 4130 telem
1488 4051 1649 4097 excessum

240 4135 376 4200 facultas
397 4137 521 4200 arcium
542 4145 671 4222 reputat
690 4135 863 4201 notabilem
885 4145 917 4198 et
937 4136 1108 4214 notorium,
1131 4134 1170 4198 de
1192 4155 1255 4218 quo
1276 4155 1335 4219 per
1355 4131 1516 4198 rectorem
1535 4141 1568 4196 et
1587 4133 1647 4195 eius

240 4257 420 4301 assessores
446 4236 664 4300 incarceratus
689 4236 799 4316 fuerit,
826 4224 878 4297 vel
901 4236 928 4297 si
956 4232 1103 4319 publicus
1125 4233 1363 4305 meretricarius
1391 4231 1505 4313 fuerit,
1535 4229 1649 4295 scilicet

239 4334 325 4422 quod
348 4337 380 4398 in
402 4333 496 4398 domo
517 4333 730 4422 habitacionis
754 4355 831 4397 suae
852 4332 1018 4397 mulierem
1040 4342 1222 4418 suspectam
1243 4332 1381 4395 tenuerit
1401 4330 1454 4395 vel
1480 4329 1524 4394 ad
1552 4336 1654 4395 como·'

197 4434 314 4498 35du1n
336 4433 455 4498 bursae
477 4454 553 4497 suae
573 4432 668 4496 talem
689 4431 920 4513 introduxerit,
947 4440 980 4495 et
1000 4430 1041 4496 de
1061 4432 1123 4496 hoo
1144 4432 1310 4496 convictus
1329 4429 1383 4493 vel
1403 4429 1580 4512 confessus,
1600 4427 1646 4493 vel

239 4555 297 4619 per
318 4542 546 4597 conventorem
575 4541 708 4616 propter
733 4529 818 4595 hunc
840 4541 871 4595 et
898 4530 1072 4620 quemlibet
1099 4531 1199 4596 aliurn
1222 4550 1391 4593 excessum
1413 4527 1455 4594 de
1474 4527 1576 4594 bursa
1594 4548 1646 4592 sua

239 4630 392 4717 expulsus
414 4632 520 4714 fuerit,
546 4628 597 4693 vel
623 4631 657 4692 in
684 4628 863 4714 prostibulo
882 4628 934 4693 vel
957 4640 1051 4694 extra
1078 4629 1207 4716 publice
1233 4649 1268 4691 se
1294 4629 1503 4714 percusserit,
1531 4626 1582 4693 vel
1610 4625 1649 4691 ibi

241 4730 428 4795 vulneratus
449 4753 491 4794 ex
512 4728 609 4815 culpa
631 4751 690 4792 sua
708 4728 806 4792 fuerit
826 4739 939 4814 captus
960 4727 1013 4793 vel
1042 4728 1271 4815 deprehensus,
1288 4725 1351 4790 ‘vel
1378 4727 1435 4813 qui
1463 4725 1508 4791 ad
1528 4724 1648 4791 taxillus

239 4830 273 4891 in
294 4828 437 4893 tabernis
459 4827 585 4913 publice
614 4828 740 4910 luserit,
768 4827 819 4891 vel
842 4826 1053 4892 hastiludium
1079 4828 1113 4891 in
1134 4826 1205 4890 foro
1227 4824 1358 4911 publice
1380 4826 1579 4907 exercuerit,
1594 4819 1648 4887 vel

200 4927 297 5012 toqui
319 4925 427 4990 verbis
447 4927 610 4990 iniuriosis
632 4927 772 5013 aliquem
796 4928 1024 5012 magistrorum
1047 4923 1174 5010 publice
1196 4924 1341 5006 laeserit,
1370 4924 1423 4989 vel
1451 4925 1559 5011 ipsum
1578 4923 1646 4986 iniu·

240 5026 326 5089 riose
356 5027 566 5109 percusserit,
597 5025 648 5090 vel
680 5027 799 5090 lurtum
827 5024 878 5089 vel
907 5022 987 5089 alios
1015 5046 1182 5105 excessus,
1216 5045 1294 5107 quos
1313 5026 1496 5089 'comitatur
1524 5021 1646 5088 infame

242 5123 294 5188 vel
322 5123 518 5206 scandalum,
546 5125 743 5190 commiserit
770 5122 822 5187 vel
838 5125 1100 5209 perpetraverit,
1127 5144 1262 5208 quorum
1288 5120 1397 5187 nullus
1423 5123 1544 5204 eciam,
1559 5121 1598 5186 ¹si
1613 5117 1644 5183 de
