3756 6158
749 1644 836 1718 DIE
863 1639 1143 1717 NATIONEN.

642 2057 680 2121 A.
711 2056 791 2123 DIE
812 2057 1054 2124 BAIRISOHE
1075 2057 1255 2123 NATION.

614 2241 634 2295 1.
667 2244 738 2293 DER
756 2244 863 2295 LIBER
880 2243 1051 2297 NACIONIS
1070 2243 1293 2295 BAVARORUM

822 2359 882 2396 rom
900 2345 982 2397 Jahra
1004 2345 1091 2398 1425.¹

296 2501 356 2592 [Bl.
379 2501 432 2592 2⁸]
453 2505 508 2571 Ad
522 2475 683 2573 honorem
710 2518 741 2573 et
768 2509 907 2594 gloriam
934 2510 1162 2597 omnipotentis
1189 2508 1241 2574 dei
1268 2531 1329 2574 neo
1355 2530 1419 2573 non
1448 2529 1509 2594 pro
1537 2507 1640 2570 incre·
1666 2518 1682 2571 ⁵

209 2615 323 2670 mento
345 2605 495 2670 nacionis
517 2605 699 2672 Bavaricae
724 2631 809 2674 anno
837 2608 879 2673 ab
905 2608 1134 2674 incarnacione
1156 2606 1278 2673 donini
1298 2609 1401 2673 nostri
1422 2607 1497 2672 Iesu
1519 2605 1643 2672 Christi

204 2701 386 2768 millesimo
407 2703 727 2791 quadringentesimo
749 2710 902 2773 vicesimo
929 2710 1040 2795 quinto
1065 2705 1176 2795 (1425)
1204 2709 1238 2772 in
1258 2716 1424 2772 rectoratn
1450 2703 1646 2771 venerabilis

205 2802 291 2884 viri,
317 2803 467 2887 magistri
496 2804 650 2871 Iohannis
671 2806 837 2893 Weyclrer
866 2807 907 2872 de
928 2806 1091 2890 Roemhilt,
1121 2807 1252 2895 plebani
1279 2807 1313 2871 in
1341 2804 1500 2892 Helpurg,
1529 2803 1645 2867 Herbi-

205 2898 360 2990 polensis
383 2900 531 2986 diocesis,
552 2905 712 2992 inscripta
733 2916 808 2970 sunt
827 2906 902 2971 huic
923 2905 1113 2971 matriculae
1132 2907 1264 2971 nomina
1279 2904 1482 2970 dominorum
1497 2913 1529 2967 et
1545 2904 1646 2988 magi-

207 3008 358 3066 strorum
378 3001 526 3066 nacionis
548 3002 701 3068 eiusdem.
1657 3010 1689 3065 to

342 3099 423 3164 Item
445 3098 531 3186 Mgr.
552 3100 714 3167 Iohannes
736 3101 913 3189 Weyckor‚
936 3114 971 3168 ut
993 3127 1103 3192 snpra,
1124 3112 1263 3190 protunc
1283 3112 1397 3168 rector.

342 3199 425 3264 Item
446 3198 596 3266 dominus
619 3198 773 3285 Thomas,
796 3225 904 3267 comes
924 3204 958 3267 in
971 3202 1162 3285 Wertheim,
1182 3203 1355 3268 canonicus
1377 3200 1532 3268 ecclesiae
1552 3201 1646 3266 Bam-

386 3296 557 3385 bergensis
584 3322 623 3366 ac
648 3299 764 3365 beatae
789 3298 916 3368 Mariae
944 3302 1082 3388 virginis
1113 3303 1149 3365 in
1175 3299 1366 3366 Tewcrstad
1397 3309 1492 3366 extra
1521 3323 1648 3365 murum

385 3395 662 3485 Bambergensem
683 3402 898 3487 praepositus.

345 3494 426 3560 Item
447 3494 595 3563 dominns
616 3498 781 3571 Iohannes,
797 3501 913 3583 iunior,
941 3522 1049 3566 comes
1069 3501 1103 3564 in
1120 3497 1311 3580 Wertheim,
1339 3496 1553 3581 Coloniensis,
1580 3497 1649 3563 Ma·
1661 3507 1692 3562 ts

389 3597 602 3681 guntinensis,
623 3597 872 3684 Argentincnsis
895 3610 928 3665 et
947 3596 1196 3686 Herbipolensis
1217 3596 1427 3662 ecclesiarum
1448 3598 1633 3664 canonicus.

347 3696 428 3761 Item
448 3695 597 3761 dominus
618 3695 782 3781 Albertus,
810 3721 918 3764 eomes
938 3700 972 3763 in
996 3696 1184 3781 Werthsim,
1212 3695 1415 3762 coloniensis
1437 3719 1477 3762 ac
1496 3694 1652 3762 Bamber-

388 3795 499 3881 gensis
519 3792 729 3860 ecclesiarum
751 3799 934 3862 canonicus.

348 3893 427 3959 Item
447 3894 531 3980 Mgr.
554 3893 790 3981 Burgkhardus
813 3895 854 3961 de
873 3895 1042 3982 Balingen‚
1065 3917 1179 3961 sacrae
1198 3892 1381 3981 theologiae
1404 3896 1576 3982 professor.

348 3992 507 4058 Dominus
528 3991 701 4060 Cunradus
721 3992 822 4077 Thus,
843 3996 1009 4081 utriusque
1028 3997 1107 4061 iuris
1129 3992 1251 4060 doctor.
1661 4003 1695 4059 20

261 4138 265 4145 -
350 4091 432 4178 Mgr.
453 4091 609 4158 Albertus
630 4093 865 4181 Varrentrapp,
887 4094 1001 4160 doctor
1021 4095 1055 4157 in
1076 4093 1224 4159 decretis.

350 4190 510 4256 Dominus
532 4190 751 4258 Christoferus
772 4191 812 4257 de
833 4191 1036 4276 Rotenhann,
1059 4192 1172 4258 doctor
1192 4193 1227 4256 in
1247 4192 1397 4259 decretis.

350 4288 432 4376 ligr.
452 4288 616 4356 Lubertus
636 4290 677 4356 de
698 4290 881 4378 0scnhnrg,
904 4291 1017 4358 doctor
1037 4293 1071 4356 in
1091 4290 1269 4358 medicinis.

351 4386 434 4475 ligr.
456 4387 617 4455 Iohannes
638 4388 781 4479 Hylden‚
806 4390 921 4457 doctor
939 4393 974 4456 in
995 4391 1175 4457 medicinis.
1608 4454 1614 4467 ,

351 4487 434 4575 Mgr.
466 4487 675 4556 Bernhardns
696 4489 886 4556 Vorschone
915 4489 956 4555 de
986 4488 1199 4574 Monasterio,
1230 4488 1344 4556 doctor
1373 4488 1588 4555 Bononiensis
1621 4490 1697 4555 inas

394 4587 575 4672 medicinis,
593 4588 778 4676 Prsgensis.

352 4685 435 4773 ligr.
455 4688 664 4754 Hermannns
683 4689 835 4771 altdorff,
859 4709 972 4753 sacrae
991 4685 1174 4774 theologiae
1194 4688 1368 4775 professor.

354 4785 437 4873 ligr.
470 4784 641 4852 Conradns
674 4785 960 4877 Wyssenbrunner
997 4786 1038 4852 de
1068 4786 1295 4875 Kycnzingen,
1332 4809 1445 4852 sacrae
1476 4784 1659 4871 theologiae

394 4883 608 4951 baccalarins.
1595 4882 1600 4891 ’

235 5015 568 5049 g...—

311 5131 320 5181 l
338 5128 376 5187 lm
390 5131 518 5206 original
536 5132 669 5201 erhnlten.
688 5133 752 5205 Vgl.
772 5132 909 5190 Urlrundl.
928 5129 1220 5203 Qnellen.S.'132ig.
