3756 6158
244 484 305 553 284
815 491 871 543 Das
888 491 1091 556 Franencolless.

244 688 309 732 non
329 664 407 730 velit
432 665 568 733 aedibus
590 677 646 734 aut
671 671 767 736 rebus
788 670 863 736 ullis
885 672 980 736 huius
1002 670 1131 758 collegii
1150 669 1293 758 propriis
1316 691 1433 735 nocere
1455 668 1662 756 damnumque

245 765 364 829 inferre
395 767 500 831 sciens
536 768 609 835 dolo
644 770 740 853 malo,
770 781 816 854 et,
847 772 875 834 si
903 770 990 859 quod
1015 772 1202 856 cognoverit
1229 769 1465 856 resciveritque
1493 767 1662 854 periculum

245 863 306 928 hac
327 864 361 926 in
382 874 485 949 parte,
513 871 656 933 curatori
684 871 795 934 statim
818 869 1011 955 significare.
1052 860 1373 956 Promittetquoquc
1400 865 1580 954 inquilinus
1605 869 1662 955 qui·

245 961 334 1043 libet,
358 984 392 1026 se
413 967 654 1049 praestiturum,
678 970 706 1032 si
729 968 807 1055 quid
830 965 873 1055 [5]
897 967 1050 1056 discipuli
1069 967 1224 1034 famulive
1246 967 1350 1053 ipsius
1365 987 1559 1053 quocunque
1579 965 1663 1032 modo

202 1071 218 1122 5
246 1058 357 1125 damni
378 1061 515 1130 aedibus
538 1064 666 1152 collegii
686 1065 754 1132 ulla
773 1068 816 1163 inx
831 1076 925 1154 parte
945 1065 1102 1133 dederint.

492 1264 539 1312 Du
561 1264 633 1312 Non
655 1264 874 1314 ancffmams
894 1265 1120 1316 rncmonosls
1141 1266 1187 1314 ΕΤ
1210 1265 1414 1315 opmlcnaus·

849 1398 1011 1451 Statntum
1028 1399 1069 1451 11.

329 1508 367 1574 Si
386 1510 457 1594 quis
476 1519 686 1577 externorum
707 1512 839 1578 caedem
861 1523 918 1579 aut
938 1513 1027 1578 aliud
1049 1512 1189 1601 capitale
1210 1535 1249 1578 ac
1271 1514 1435 1579 notorium
1452 1512 1583 1578 facinus
1604 1534 1663 1601 per-

245 1609 391 1692 petrarit,
417 1629 490 1673 eum
511 1632 605 1677 nemo
626 1634 668 1676 cx
695 1610 861 1700 inquilinis
885 1613 991 1677 sciens
1013 1634 1053 1677 ac
1076 1612 1222 1677 consulto
1242 1611 1330 1698 apud
1358 1633 1393 1677 se
1412 1611 1599 1699 perfugium
1618 1610 1663 1676 ha·

205 1715 236 1769 10
247 1705 322 1773 bere
345 1708 498 1793 patiatur,
526 1731 618 1774 suam
643 1709 876 1776 habitationem
903 1710 946 1776 ad
972 1710 1035 1781 hoc
1064 1710 1112 1775 illi
1141 1710 1306 1776 offerendo
1334 1709 1566 1796 aperiendove.
1608 1708 1664 1791 Qui

244 1826 336 1870 secus
364 1806 486 1888 fecerit,
513 1807 541 1872 is
561 1807 716 1894 collegio,
745 1810 871 1893 quoties
892 1806 935 1896 [6]
958 1808 995 1874 id
1014 1809 1137 1891 fecerit,
1161 1809 1315 1874 mulctam
1338 1809 1481 1897 quinque
1505 1808 1663 1874 ioachimi·

243 1925 356 1968 corum
377 1905 560 1990 persolvito.
586 1902 810 1973 Prohibemus'
823 1909 931 1991 etiam,
951 1910 986 1972 in
1006 1907 1242 1974 habitationum
1262 1906 1431 1973 conclavia
1451 1908 1561 1996 recipi
1578 1908 1664 1996 inque

244 2000 309 2066 illis
338 2003 442 2068 foveri
472 2005 604 2092 opifices
634 2005 882 2094 qualescunque.
926 2007 992 2088 Qui
1022 2017 1135 2073 contra
1170 2006 1342 2093 deliquerit
1367 2006 1521 2089 triduove
1553 2004 1664 2071 diutins

244 2101 378 2184 foverit,
405 2103 589 2169 ioachimici
619 2107 713 2171 unius
744 2107 897 2172 mulctam
929 2105 1056 2172 solvito.
1100 2106 1291 2194 Cauponem
1320 2127 1449 2193 qnoque
1483 2105 1613 2192 aperire
1638 2114 1665 2169 ct

206 2209 398 2265 ttexternos
423 2223 462 2266 ac
485 2203 629 2291 hospites
652 2205 694 2270 ad
724 2229 759 2270 se
785 2208 941 2293 recipere,
968 2207 1032 2271 nisi
1058 2207 1277 2272 consentiente
1305 2213 1465 2287 curatore,
1494 2203 1577 2270 nulli
1602 2226 1665 2269 con·

246 2321 374 2364 cessum
393 2310 451 2366 est.
492 2302 558 2383 Qui
580 2326 674 2369 secus
693 2303 815 2387 fecerit,
836 2327 942 2392 poena
963 2302 1168 2370 coercebitur
1189 2303 1372 2377 arbitraria.

623 2482 669 2575 [S.
690 2483 721 2576 7]
745 2504 792 2552 on
813 2503 1004 2554 conoucru
1024 2501 1298 2553 minimorum

833 2639 995 2691 Ststntnm
1013 2638 1071 2689 111.

331 2747 433 2814 Sicuti
461 2759 592 2816 curator
618 2753 779 2817 nemiuem
807 2753 909 2818 invito
931 2751 1067 2838 collegio
1090 2750 1134 2816 ad
1159 2747 1288 2835 collegii
1315 2747 1506 2820 incolatum*
1522 2746 1666 2813 admittit:

207 2847 297 2910 'adita
332 2869 459 2936 quoque
489 2851 571 2914 citra
603 2853 763 2917 curatoris
794 2851 993 2917 voluntatem
1022 2873 1061 2915 ac
1092 2870 1285 2915 consensum
1316 2870 1411 2914 nemo
1443 2844 1667 2913 habitationem

250 2943 349 3010 ullam
376 2969 536 3034 usurpare
563 2947 669 3031 debet,
697 2948 788 3015 clave
815 2950 877 3017 sibi
907 2974 927 3016 a
953 2960 1102 3015 curatore
1130 2971 1195 3014 non
1222 2947 1345 3014 tradita
1372 2954 1429 3013 ant
1456 2944 1587 3032 longina
1612 2966 1668 3010 non

247 3045 408 3133 permissa
429 3056 461 3111 et
480 3048 610 3113 nomine
631 3049 722 3137 prius
749 3049 837 3136 apud
863 3052 971 3137 ipsum
992 3072 1056 3113 non
1076 3049 1241 3133 inscripto.
1283 3046 1397 3135 Neque
1422 3045 1523 3112 liceat
1543 3034 1599 3108 ulli
1618 3065 1668 3108 suo

249 3144 396 3228 arbitrio,
424 3147 596 3232 ignorante
622 3157 781 3230 curatore,
810 3147 1049 3214 cohabitantem
1071 3147 1141 3211 sive
1163 3143 1593 3230 contubernalemaliquem
1615 3140 1668 3207 sibi

249 3244 444 3328 assciscere;
467 3244 567 3311 multo
581 3247 686 3311 minus
702 3243 943 3333 con[8]ductum
963 3269 984 3312 a
1005 3268 1039 3311 se
1059 3243 1213 3311 conclave
1234 3242 1329 3311 alteri
1351 3266 1411 3309 sua
1422 3243 1592 3310 voluntate
1604 3263 1668 3306 con·

207 3341 367 3407 25cedere
389 3352 420 3407 ct
442 3366 501 3430 per
525 3367 639 3410 manus
661 3345 800 3411 tradere.
845 3346 1036 3434 Quicunque
1057 3344 1143 3409 enim
1163 3343 1225 3409 hcc
1244 3342 1368 3426 fecerit,
1394 3341 1450 3408 hic
1476 3343 1531 3408 ius
1544 3339 1668 3408 habita·

248 3443 345 3507 tionis
371 3441 432 3507 sibi
454 3442 577 3508 nullum
599 3444 669 3510 fore
692 3444 783 3510 sciat.

332 3541 434 3606 Nemo
460 3543 558 3606 etiam
587 3542 817 3629 inquilinorum
844 3543 999 3610 famulum
1026 3542 1069 3607 ad
1100 3564 1134 3607 se
1163 3539 1302 3627 recipiat
1329 3538 1383 3605 vel
1411 3562 1524 3606 secum
1551 3538 1667 3621 habent,

253 3663 347 3728 quem
370 3648 405 3704 ut
425 3642 571 3727 recipere
592 3641 755 3707 hahereve
776 3645 806 3708 ei
835 3643 948 3707 liceret
975 3651 1105 3708 curator
1127 3663 1191 3706 non
1213 3639 1419 3723 concesserit,
1449 3649 1509 3705 aut
1529 3662 1622 3728 quem
1639 3647 1668 3704 nt

249 3737 426 3805 dimitteret
444 3741 583 3805 iusserit.
1507 3728 1518 3738 ’

208 3845 243 3902 30
336 3837 400 3919 Qui
422 3836 656 3905 habitationem
677 3841 881 3929 praescripto
902 3840 999 3908 modo
1017 3837 1186 3921 conduxit,
1212 3838 1252 3921 is,
1277 3846 1313 3904 ut
1332 3837 1419 3903 rdtra
1444 3847 1579 3926 tempus
1605 3858 1667 3903 con·

251 3935 412 4002 ductionis
441 3960 479 4002 ca
504 3948 623 4023 utatur,
653 3939 727 4026 cogi
756 3963 820 4005 non
848 3940 961 4023 debct3
1000 3937 1116 4024 quodsi
1147 3946 1255 4002 autem
1291 3935 1468 4025 inquilinus
1504 3958 1540 4001 se
1574 3936 1666 4002 minus

250 4035 451 4102 tolerabilem
474 4047 505 4102 et
527 4038 654 4104 statutis
676 4036 920 4127 mori[9]gerum
948 4036 1119 4126 praebeat,
1148 4045 1277 4101 curator
1298 4046 1426 4123 tempus
1447 4033 1498 4099 illi
1520 4033 1665 4123 praescri·

251 4135 329 4200 bere
351 4145 466 4223 potest,
497 4160 560 4224 quo
584 4139 728 4224 emigret.
767 4137 936 4226 Mercedes
959 4135 1108 4201 definitas
1131 4158 1242 4201 omncs
1265 4134 1359 4200 huius
1381 4132 1512 4219 collegii
1532 4130 1667 4220 inquilini

254 4233 374 4299 dcbcnt
401 4234 586 4322 persolvere
615 4240 723 4325 prima
751 4246 913 4302 mercatus
934 4235 1116 4323 Lipsiensis
1140 4235 1321 4321 septimana
1349 4231 1487 4318 singulis
1522 4231 1666 4315 semestri·

213 4333 328 4415 asbus,
350 4354 427 4398 vere
449 4344 481 4398 et
508 4345 671 4418 autumno,
698 4358 802 4423 neque
829 4336 1019 4401 solutionem
1041 4332 1162 4399 diutius
1189 4341 1265 4419 post
1292 4329 1382 4396 illam
1409 4330 1522 4399 triduo
1543 4330 1665 4398 differre

253 4430 365 4497 Placet
398 4441 520 4516 autem,
554 4437 722 4500 semestris
754 4437 847 4500 iuxta
876 4443 1041 4522 receptam
1072 4435 1106 4497 in
1141 4430 1311 4498 academia
1341 4430 1608 4497 consuetudinem
1632 4430 1666 4495 its

251 4532 431 4615 numerari,
461 4540 497 4597 ut
528 4543 683 4599 semestre
710 4536 868 4599 aestivum
896 4532 1064 4597 inchoetur
1091 4554 1112 4597 a
1140 4527 1343 4618 paschalium
1371 4526 1592 4597 nundinarum
1616 4527 1665 4594 fine

252 4630 284 4694 h.
305 4652 330 4694 c.
372 4629 543 4714 dominica,
572 4654 655 4718 quae
683 4633 822 4700 Cantate
848 4631 1047 4721 appellatum
1075 4630 1256 4716 hybernum
1282 4648 1362 4710 rero
1389 4627 1532 4716 incipiat
1552 4620 1663 4717 [talah

254 4728 310 4793 illa
331 4728 502 4813 dominica,
523 4752 607 4816 quae
629 4732 790 4797 nundinas
812 4730 1014 4797 autumnales
1034 4730 1113 4794 finit.
1538 4800 1552 4815 „

212 4837 246 4893 to
337 4827 401 4908 Qui
422 4831 562 4894 retinere
585 4852 675 4894 suam
697 4829 931 4896 habitationem
952 4827 1040 4894 volet
1061 4827 1192 4908 diutius,
1222 4825 1250 4890 is
1279 4847 1391 4891 menae
1418 4834 1497 4893 ante
1521 4834 1660 4893 mercatu·

253 4937 320 4991 tam
348 4928 543 4993 autumnalis
571 4951 667 5017 quam
694 4928 835 4994 vernalis
862 4931 1046 5015 ingressum
1066 4948 1130 4991 uno
1159 4947 1232 4989 eam
1258 4924 1364 4990 denuo
1386 4947 1408 4990 a
1428 4936 1580 4992 curatore
1603 4942 1658 4989 can

256 5024 361 5089 ducat.
405 5025 440 5091 Si
467 5049 532 5092 non
560 5028 753 5096 conduxerit
780 5039 813 5093 et
843 5028 936 5094 alteri
963 5026 1019 5093 illa
1049 5025 1156 5092 locata
1183 5024 1289 5107 fuerit,
1316 5047 1382 5090 non
1409 5024 1531 5112 poterit
1556 5021 1595 5088 de
1613 5019 1658 5086 hot

254 5123 310 5189 ille
331 5128 491 5212 conqueri.
536 5126 663 5207 Quodsi
685 5127 789 5194 denuo
811 5137 867 5194 aut
888 5126 1033 5215 alioquin
1060 5124 1253 5191 conductam
1279 5120 1452 5211 possidere
1477 5122 1600 5210 longius
1616 5138 1656 5187 aa
