3756 6158
272 473 332 537 306
760 476 814 526 Die
833 474 1053 538 philosophische
1073 473 1200 525 Facultiit.

268 675 346 738 pars
374 655 407 717 in
430 652 568 740 aliquem
597 657 644 719 sic
665 657 871 738 consenserit,
897 656 972 736 talis
993 678 1052 743 pro
1076 654 1198 719 decano
1220 650 1386 718 habeatur.
1429 650 1466 716 Si
1486 673 1566 717 vero
1588 651 1683 714 maior

268 774 345 837 pars
369 754 402 816 in
423 752 563 840 aliquem
584 777 648 819 non
671 756 877 838 consenserit,
902 765 979 820 tunc
1000 754 1042 819 ad
1069 755 1259 818 scrutinium
1286 749 1492 838 procedatur,
1521 751 1556 814 in
1579 772 1642 836 quo
1661 751 1684 812 si

267 849 372 915 nullus
400 855 475 934 erit,
505 852 561 916 fiet
582 856 866 940 compromissum3
896 865 927 918 et
956 856 1003 919 sic
1029 853 1147 918 electus
1176 853 1210 915 in
1241 850 1397 916 decanum
1427 851 1538 914 statim
1565 858 1684 913 tenetur

268 947 444 1016 decanatus
465 951 605 1017 officium
627 975 801 1036 assumere,
821 951 882 1016 sub
903 975 1009 1040 poena
1028 955 1123 1017 unius
1146 972 1336 1037 sexagenae.

223 1123 239 1177 5
735 1124 761 1183 5.
784 1136 831 1183 nn
851 1134 1053 1183 mnaunnro
1075 1135 1213 1184 necari

348 1249 429 1314 Item
459 1249 579 1314 electus
609 1251 644 1313 in
675 1248 833 1314 decanum
863 1250 1027 1316 facultatis
1064 1251 1187 1315 arcium
1221 1247 1342 1316 iurabit
1376 1248 1497 1313 seniori
1527 1245 1683 1312 facultatis

264 1348 394 1413 nomine
414 1347 559 1414 eiusdem
584 1348 756 1431 facultatis,
779 1347 866 1435 quod
887 1348 965 1414 velit
985 1359 1105 1414 statuta
1127 1359 1159 1414 et
1178 1346 1350 1413 statuenda
1368 1368 1429 1433 pro
1451 1345 1537 1411 bono
1558 1345 1684 1410 faculta-

264 1447 308 1510 tis
328 1447 464 1512 firmiter
486 1447 661 1513 observare
689 1456 721 1512 et
748 1448 855 1512 facere
882 1448 924 1515 ab
953 1447 1102 1535 omnibus
1123 1448 1339 1530 observari,
1330 1470 1366 1512 ιιι
1392 1455 1552 1533 quantum
1582 1455 1631 1508 est
1654 1447 1684 1508 in

266 1567 314 1628 eo,
343 1547 412 1610 sine
434 1545 508 1611 dolo
530 1553 563 1610 et
582 1545 707 1616 fraude.
748 1544 793 1610 Ε1
819 1544 934 1612 decani
963 1548 1088 1634 antiqui
1113 1546 1253 1612 officium
1280 1568 1345 1611 non
1368 1542 1562 1632 exspirabit,
1589 1542 1683 1607 donec

226 1645 300 1708 loin
322 1643 479 1711 decanum
507 1647 556 1710 sic
576 1644 696 1710 electus
724 1644 915 1732 acceptabit
957 1644 994 1712 Si
1018 1668 1096 1711 vero
1124 1647 1171 1710 sic
1200 1645 1320 1710 electus
1349 1644 1526 1709 decanatus
1549 1641 1683 1707 officium

265 1766 429 1809 assumere
456 1754 631 1828 recusaret,
660 1745 783 1810 tociens
813 1746 967 1833 quociens
990 1745 1111 1811 electu‘s
1136 1745 1243 1828 filerit,
1270 1767 1368 1810 unam
1397 1764 1597 1830 sexagenam
1617 1763 1683 1829 per·

266 1841 369 1909 solvet
388 1843 545 1909 facultati„

654 1997 682 2060 6.
699 2011 752 2058 >nn
774 2012 976 2061 mmrmnro
998 2011 1128 2060 rmuno
1151 2010 1300 2059 necaro.

346 2125 429 2191 Item
460 2134 615 2210 statutum
646 2126 706 2191 fuit
737 2135 770 2192 et
800 2125 995 2210 conclusum,
1027 2125 1114 2192 nullo
1147 2125 1404 2207 contradicente,
1436 2122 1523 2213 quod
1555 2121 1680 2210 quilibet

227 2233 258 2289 u
267 2227 425 2310 magister
445 2226 588 2290 existens
610 2225 652 2291 de
677 2224 831 2292 facultate
855 2227 980 2292 arcium
999 2225 1053 2290 vel
1080 2225 1121 2291 de
1149 2248 1233 2291 novo
1261 2226 1387 2290 inmane
1415 2223 1539 2304 iurabit
1565 2221 1678 2288 deamo

266 2320 325 2388 sub
349 2324 548 2404 hactonus:
571 2323 664 2410 „Ego
678 2324 728 2389 .N.
741 2326 813 2397 iuro
826 2324 921 2390 vobis
943 2324 1066 2391 decano
1087 2335 1120 2391 et
1138 2326 1256 2390 vestris
1277 2322 1520 2390 successoribus
1540 2343 1677 2387 reveren

263 2424 343 2487 tiam
371 2434 404 2488 et
429 2422 647 2499 obedientiam
672 2424 707 2487 in
735 2422 835 2489 licitis
863 2436 896 2488 et
921 2424 1064 2490 honestis
1091 2439 1123 2490 et
1151 2446 1283 2490 servare
1312 2432 1435 2489 statuta
1461 2431 1495 2486 et
1516 2419 1676 2487 statuenda

263 2544 324 2608 pro
346 2544 442 2609 posse
465 2532 497 2587 et
519 2545 615 2589 nosse
636 2534 668 2588 et
688 2544 865 2610 procurare
888 2520 1009 2588 bonum
1030 2523 1225 2589 facultatis.“

388 2677 521 2752 Dareus
535 2676 575 2735 iat
593 2695 651 2735 von
671 2677 804 2736 cnderer
825 2677 923 2737 Hand
942 2678 1180 2754 nactqetr'upen:

221 2829 255 2886 10
388 2823 520 2905 „Item
509 2844 592 2904 1uro‚
613 2821 710 2908 quod,
732 2823 1014 2909 quocienscunque
1033 2824 1068 2888 in
1090 2824 1345 2888 examinatorem
1366 2833 1424 2887 aut
1444 2823 1549 2887 eciam
1574 2803 1607 2885 in
1629 2819 1669 2884 de

306 2940 421 3013 “W
441 2920 561 2987 electus
582 2921 683 3004 fuero,
705 2922 803 2987 velim
829 2920 1000 2986 admittere
1022 2920 1138 3007 dignos
1165 2930 1197 2985 et
1225 2922 1347 2986 reicere
1374 2903 1527 3007 indignos
1551 2930 1614 2986 tam
1637 2916 1668 2983 ad

305 3019 528 3106 magisterium
557 3044 655 3108 quam
685 3019 979 3086 baccalaureatum
1021 3019 1077 3086 Sic
1103 3042 1154 3085 me
1180 3018 1259 3085 deus
1285 3019 1418 3086 adiuvet
1441 3030 1474 3086 et
1503 3029 1612 3085 meu
1629 3016 1666 3082 dei

304 3119 492 3206 euangelia.
494 3121 513 3154 “

391 3275 433 3346 Es
455 3274 496 3332 iat
519 3274 581 3333 dier
609 3278 664 3355 der
684 3294 732 3333 am
758 3275 807 3339 30.
827 3275 943 3351 August
967 3275 1045 3337 1436
1075 3274 1273 3332 berctlorrece
1294 3273 1587 3333 Faeaminctoreneid.
1617 3270 1662 3346 Vol.

221 3377 254 3434 2⁵
305 3381 395 3432 auten
416 3371 436 3450 ξ
458 3375 508 3453 26,
534 3377 558 3436 1.

519 3536 564 3600 7.¹
588 3552 648 3613 cm
668 3552 832 3600 nannanr
853 3551 936 3600 assu
956 3553 1003 3600 nn
1026 3529 1185 3600 oonsmro
1208 3549 1432 3599 racnnmrrs.

348 3663 408 3753 [Β1.
428 3663 500 3753 47·]
523 3667 604 3732 Item
629 3689 714 3732 anno
737 3666 859 3732 domini
884 3675 962 3736 1409
984 3671 1018 3733 in
1041 3666 1094 3733 die
1115 3669 1320 3732 innocentum
1348 3663 1420 3752 (den
1442 3671 1493 3736 28.
1512 3657 1659 3748 December)

265 3766 325 3830 fuit
347 3765 544 3849 conclusum,
567 3766 653 3852 quod
675 3790 785 3837 omnes
807 3769 956 3854 magistri
985 3790 1045 3853 pro
1068 3777 1144 3832 tunc
1171 3776 1358 3853 praesentes
1380 3763 1537 3831 deberent
1554 3787 1615 3831 esse
1630 3759 1659 3825 de

262 3863 395 3930 consilio
416 3865 579 3931 facultatis
601 3876 633 3931 et
653 3865 739 3952 quod
766 3868 800 3930 in
822 3877 919 3932 antea
939 3866 1045 3930 nullm
1067 3866 1232 3952 magister,
1259 3866 1329 3930 sive
1356 3865 1454 3930 fuerit
1476 3866 1511 3931 in
1533 3867 1592 3930 ista
1608 3859 1658 3926 uui·

220 3965 418 4028 30versitate
440 3975 607 4051 promotus
628 3965 697 4029 sive
719 3966 752 4029 in
773 3965 847 4049 alia,
874 3967 938 4031 nisi
960 3967 1095 4030 tercium
1119 3988 1236 4030 annum
1259 3965 1308 4028 sui
1329 3965 1512 4053 magisterii
1533 3959 1658 4050 attigerit,
1698 3974 1706 4051 J

260 4060 303 4126 ad
330 4062 500 4128 consilium
525 4062 687 4128 facultatis
714 4074 904 4131 assumatur.
946 4063 990 4128 Et
1011 4063 1073 4130 hoo
1101 4063 1204 4147 duret,
1232 4063 1335 4130 donec
1357 4085 1418 4152 per
1438 4056 1612 4135 facultatem
1627 4055 1659 4120 (lt
1694 4030 1718 4193 Ι

261 4161 397 4227 consilio
417 4162 583 4229 facultatis
605 4162 698 4228 aliter
718 4163 815 4228 fuerit
836 4162 1047 4231 ordinatum.²

667 4336 696 4398 8.
717 4346 765 4393 DII
787 4346 1027 4395 CONCLUSIONE
1047 4347 1270 4404 FACUL'IA'IIS.

343 4460 425 4525 Item
452 4469 609 4526 statutum
633 4463 694 4529 fuit
722 4471 754 4527 et
784 4461 985 4546 conclusum,
1015 4461 1101 4549 quod
1129 4464 1164 4527 in
1191 4461 1497 4549 congregationibus
1524 4454 1656 4533 feodatis

225 4557 388 4624 redebeat
408 4557 558 4624 concludi
587 4559 764 4635 secundum
784 4559 1002 4647 pluralitatem
1022 4584 1149 4644 vocum,
1176 4563 1322 4648 exceptis
1348 4558 1656 4649 praeiudicialibnet

261 4660 432 4743 graciosis,
457 4656 560 4724 donec
581 4659 781 4755 facultasde
800 4660 896 4727 modo
918 4660 1131 4727 concludendi
1154 4661 1249 4726 aliter
1269 4661 1465 4748 providebit.
1501 4719 1504 4728 .

321 4964 331 5013 1
354 4958 452 5013 Dieser
468 4958 632 5030 Paragraph
654 4957 690 5014 ist
707 4958 751 5014 bei
769 4959 817 5016 der
835 4923 961 5031 Zithlnng
980 4960 1029 5034 des
1048 4958 1189 5031 OrIginals
1213 4958 1393 5032 iibergangen
1413 4961 1470 5017 und
1489 4962 1537 5018 der
1554 4951 1654 5031 tonate

154 5104 181 5123 ..
264 5041 364 5096 wieder
381 5043 432 5096 mit
451 5049 466 5097 6
483 5042 615 5112 beritiert,
634 5060 664 5099 so
683 5043 747 5098 dass
762 5061 815 5098 von
834 5048 849 5099 8
870 5062 906 5098 an
923 5042 974 5098 das
991 5043 1117 5115 Original
1136 5049 1152 5099 2
1170 5043 1271 5100 Ziffem
1289 5042 1431 5119 010111ᾳᾴ
1443 5042 1526 5102 zahlt

166 5128 170 5133 '
202 5172 206 5179 ,
324 5129 338 5182 2
362 5124 418 5182 Zur
436 5125 510 5184 Seite
525 5127 573 5183 des
592 5143 701 5201 ganaeu
719 5127 919 5204 Peragraphen
937 5126 1115 5203 0101100001.
1396 5178 1474 5313 ὓ
