3756 6158
252 464 310 528 170
738 466 793 516 Der
810 465 889 516 Liber
909 467 1025 516 nationis
1043 465 1188 518 Polonicae

248 645 349 710 fatum
372 664 473 708 manu
492 647 672 731 praepositi
693 647 820 735 collegii
842 648 958 715 beatae
980 651 1115 737 virginis
1138 657 1265 716 notetur
1294 658 1390 736 atque
1416 650 1452 714 ιιι
1478 669 1602 714 novam
1629 646 1671 712 ad

250 745 312 811 hoc
333 742 502 811 emendam
523 746 619 810 unius
640 745 809 814 clausurae
836 748 985 837 cistulam
1011 750 1151 817 ferream
1173 757 1364 836 reponatur,
1388 745 1452 836 [ι’]
1490 770 1576 836 quae
1603 757 1671 814 tau·

249 845 322 912 dem
355 845 567 912 custodienda
596 845 674 913 fiseo
704 847 832 935 collegii
861 848 977 914 beatae
1003 851 1142 938 virginis
1170 849 1354 916 includatur
1382 859 1413 914 et
1441 849 1671 930 committatur,

246 947 293 1011 ita
319 955 427 1011 tamen
452 954 489 1012 ut
518 967 647 1032 semper
673 949 781 1014 senior
808 948 965 1032 nationis,
997 951 1025 1014 si
1054 948 1178 1036 collega
1208 948 1287 1014 dicti
1317 947 1445 1034 collegii
1470 969 1536 1013 non
1565 946 1671 1029 fuerit,

205 1056 221 1112 5
248 1044 337 1133 apud
365 1054 459 1110 sset
487 1043 612 1110 clavem
639 1046 774 1113 cistulae
800 1070 905 1114 novae
931 1058 964 1113 et
988 1048 1109 1115 librum
1134 1049 1275 1115 nationis
1301 1070 1419 1115 novum
1444 1048 1593 1114 retineat
1636 1044 1672 1111 Si

245 1167 324 1212 vero
345 1146 454 1211 senior
474 1144 571 1210 hierit
592 1145 717 1233 collega
736 1148 815 1212 dicti
836 1147 973 1234 collegii,
995 1158 1064 1213 tum
1084 1146 1186 1214 clavis
1208 1158 1241 1213 et
1260 1145 1344 1213 liber
1365 1145 1460 1213 alteri
1480 1146 1669 1212 donatione

248 1246 404 1313 committi
427 1243 554 1311 debeat
595 1245 807 1333 Praepositus
834 1255 941 1313 autem
968 1247 1098 1315 nomine
1128 1245 1256 1333 collegii
1284 1266 1413 1332 quoquo
1441 1256 1591 1333 tempore
1617 1266 1670 1309 ne·

247 1348 397 1414 cessitate
425 1345 609 1433 postulante
638 1347 766 1433 copiam
797 1355 829 1411 et
858 1345 1044 1413 facultatem
1075 1345 1233 1430 adeundi,
1266 1343 1433 1413 eximendi
1461 1355 1496 1412 et
1523 1345 1671 1412 vicissim

246 1444 424 1536 reponendi
444 1445 516 1510 fisci
536 1453 689 1532 praestet,
715 1444 763 1510 uti
779 1455 848 1511 tum
869 1469 904 1512 se
925 1468 990 1513 non
1012 1447 1174 1534 gravatim
1195 1446 1339 1512 facturos
1359 1443 1534 1569 collegae
1524 1467 1562 1510 m
1580 1444 1670 1510 favo

207 1558 239 1615 lo
246 1570 315 1614 rem
336 1546 477 1612 nationis
497 1554 684 1632 praesentes
707 1557 908 1635 receperunt.

330 1643 392 1734 [Bl.
410 1643 463 1733 4⁸³]
477 1645 581 1712 Porro
602 1666 684 1728 cum,
706 1645 757 1710 his
777 1647 825 1711 ita
847 1645 1017 1731 conclusis,
1038 1646 1079 1713 de
1097 1645 1223 1713 viribus
1243 1644 1325 1729 fisci,
1345 1644 1403 1711 ubi
1416 1653 1449 1711 et
1461 1604 1571 1732 qualia
1583 1666 1670 1711 nuuc

246 1757 340 1830 esset,
356 1755 574 1834 quaereretur,
595 1745 675 1810 nihil
694 1769 714 1811 a
736 1768 896 1833 quoquam
917 1747 996 1810 certi
1008 1746 1147 1834 proferri
1159 1748 1273 1833 potuit,
1296 1743 1379 1810 adeo
1390 1745 1556 1811 seniorum
1576 1765 1671 1833 prae

246 1849 423 1928 teritorum,
445 1845 564 1931 partim
575 1845 644 1909 vita
654 1844 877 1912 defunctorum
898 1846 1018 1933 partim
1038 1843 1268 1928 recedentium,
1289 1843 1432 1911 doctoris
1445 1842 1570 1929 Zelsrs,
1590 1842 1670 1910 Los-

246 1947 317 2013 selii
336 1944 453 2013 Poloni
480 1944 635 2010 Hirconis
663 1954 695 2010 et
722 1945 869 2028 aliorum,
895 1947 1040 2011 varietas
1068 1967 1107 2011 ac
1133 1946 1268 2011 mutatio
1294 1942 1453 2011 bellorum
1481 1964 1613 2031 quoquo
1640 1952 1673 2009 et

207 2057 237 2113 15
246 2058 427 2133 temporum
456 2045 594 2110 iniumae
621 2043 691 2111 fisci
722 2043 956 2111 desolationem
985 2053 1018 2110 et
1045 2044 1227 2132 neglectum
1255 2042 1467 2133 pepererunt,
1500 2053 1540 2109 ut
1566 2062 1672 2131 neque

246 2146 415 2212 collectum
446 2144 524 2232 quid
544 2165 658 2260 'neque
688 2146 851 2231 signatum
890 2154 980 2211 extet
1015 2153 1146 2232 praeter
1175 2141 1211 2208 id
1245 2142 1347 2209 solum
1379 2144 1552 2231 exignum,
1584 2141 1673 2231 quod

246 2246 499 2312 humanissimus
520 2245 582 2326 vir,
603 2244 758 2330 magister
780 2235 1008 2331 Sigismuhdus
1027 2243 1155 2328 Prufer,
1177 2241 1412 2331 Glogovianus‚
1432 2242 1495 2310 hoe
1513 2242 1672 2330 temporis

247 2346 363 2432 spatio,
392 2367 455 2432 quo
482 2343 677 2411 collecturae
703 2343 857 2430 praebuit,
882 2344 1100 2431 comparsisse
1125 2364 1161 2408 se
1188 2341 1361 2426 fatebatur,
1389 2351 1421 2408 et
1440 2340 1527 2408 ultro
1554 2338 1673 2408 obtulit

245 2445 369 2510 nationi
392 2453 465 2511 octo
489 2443 629 2510 florenos
650 2464 724 2507 eum
745 2442 924 2510 octodecim
945 2444 1079 2528 grossis.
1119 2442 1194 2509 Hoc
1218 2440 1280 2508 fuit
1305 2442 1434 2508 initium
1459 2437 1546 2529 et‚[5
1552 2436 1579 2527 ⁸]
1602 2439 1671 2505 fuu-

204 2543 433 2610 todamentum
456 2542 641 2608 divitiarum
660 2551 856 2627 nostrarum,
877 2564 958 2630 quas
981 2565 1079 2630 porro
1100 2542 1181 2609 deus
1202 2543 1344 2631 optimus
1364 2540 1537 2625 maximus,
1560 2549 1672 2629 poten·

245 2644 388 2710 tissimus
412 2643 553 2709 omnium
573 2642 608 2706 in
629 2663 746 2707 nomeu
772 2643 842 2707 eius
869 2641 1097 2708 confidentium
1125 2640 1324 2728 guberuator
1352 2650 1385 2706 et
1410 2649 1589 2729 protector,
1617 2660 1671 2705 au·

245 2765 323 2830 gere
344 2752 376 2809 et
395 2742 478 2809 bene
497 2742 664 2808 fortunare
682 2742 843 2827 dignetur.

329 2842 426 2925 Quod
455 2851 550 2908 tenue
583 2840 754 2907 exordium
788 2842 898 2907 statim
929 2849 961 2906 et
993 2842 1143 2907 continuo
1173 2841 1333 2908 foeliciter
1364 2841 1457 2907 auxit
1489 2848 1673 2928 spontanea

248 2945 451 3010 dominorum
478 2941 698 3030 praesentium
719 2940 913 3007 contributio
941 2963 982 3006 ac
1003 2938 1193 3006 liberalitas.
1238 2939 1366 3037 Singuli
1392 2941 1480 3005 enim
1508 2962 1570 3027 pro
1594 2960 1672 3024 qua·

205 3045 338 3111 tilitate
363 3042 566 3109 fortunarum
590 3062 732 3124 suarum,
759 3043 852 3126 quasi
880 3040 924 3107 ad
947 3039 1223 3107 corroborandum
1248 3033 1339 3127 leges
1361 3047 1533 3128 sequentes
1554 3060 1671 3128 perpe-

245 3154 300 3210 tuo
323 3142 490 3224 valituras,
512 3136 743 3223 contulerunt,
744 3141 911 3207 nimirum:

328 3241 443 3309 Senior
468 3240 609 3306 nationis
637 3239 750 3306 doctor
771 3239 966 3306 Valerius
987 3241 1144 3307 Pfister
1166 3239 1381 3327 Lignitianus,
1409 3241 1476 3328 qui,
1497 3237 1576 3306 licet
1597 3248 1672 3306 ants

247 3364 346 3431 saepe
375 3363 415 3407 ac
444 3340 569 3428 quoties
597 3362 656 3427 per
694 3339 817 3427 gradum
850 3349 1017 3428 promotus
1047 3349 1111 3424 est,
1139 3339 1226 3427 quod
1253 3337 1367 3407 debuit
1392 3338 1498 3423 dedit,
1527 3348 1562 3405 et
1588 3362 1674 3405 ntmc

247 3440 312 3531 [bl]
341 3462 445 3529 neque
471 3440 636 3529 professor
663 3461 766 3525 neque
801 3440 927 3528 collega
959 3441 1015 3522 sit,
1046 3449 1154 3505 tamen
1184 3438 1355 3507 duodecim
1382 3460 1511 3528 quoque
1539 3462 1674 3528 grossos

206 3544 441 3611 30numeravit

327 3642 369 3708 D
398 3642 512 3708 doctor
538 3639 789 3705 Franciscus
817 3639 934 3707 Oram
962 3639 1121 3726 Saganus,
1150 3638 1361 3706 illustrissimi
1381 3640 1543 3727 principis
1564 3649 1599 3706 et
1618 3640 1672 3706 do-

248 3744 336 3825 mini,
361 3741 483 3807 domini
504 3738 654 3825 Augusti,
681 3737 772 3804 ducis
795 3738 960 3806 Saxoniae
982 3749 1014 3804 et
1035 3738 1193 3823 electoris,
1215 3738 1431 3825 consiliarius,
1454 3739 1623 3827 professor
1643 3751 1674 3806 et

249 3842 382 3929 collega,
404 3840 588 3906 numeravit
608 3838 689 3905 duos
710 3838 849 3904 florenos
871 3850 902 3904 et
922 3838 1100 3906 octodecim
1128 3861 1272 3926 grossos,
1300 3841 1348 3906 sic
1370 3839 1621 3955 computupdos,
1640 3849 1675 3904 ut

247 3943 364 4030 viginti
391 3951 529 4029 quatuor
557 3939 664 4025 grossi
691 3937 871 4003 habeantur
898 3961 958 4026 pro
986 3940 1093 4026 prima
1121 3939 1307 4054 receptione
1333 3940 1384 4006 sui
1408 3939 1549 4006 nominis
1577 3948 1674 4005 antea

206 4054 315 4111 iinon
333 4041 493 4127 inscripti,
515 4039 628 4104 decem
648 4046 681 4102 et
701 4047 772 4104 octo
794 4039 902 4124 grossi
922 4061 982 4125 pro
1006 4038 1107 4104 offitio
1128 4040 1304 4105 assessoris
1324 4039 1433 4106 iuditii
1452 4039 1574 4123 curiae,
1597 4038 1673 4106 duo·

248 4143 353 4209 decim
377 4142 484 4228 grossi
504 4160 565 4226 pro
585 4137 709 4204 lectura
729 4137 861 4220 codicis,
889 4160 954 4225 qua
978 4139 1132 4224 hmgitur,
1158 4148 1191 4204 et
1219 4161 1279 4205 sex
1305 4140 1411 4225 grossi
1439 4161 1501 4228 pro
1522 4137 1672 4225 collegia·

249 4253 323 4310 tura
344 4241 472 4327 collegii
490 4238 632 4304 maioris.

333 4340 400 4430 [ΒΙ.Ι
416 4336 533 4426 h⁸.]D
557 4336 871 4404 doctorMatheus
891 4337 1065 4403 Heusler
1085 4337 1240 4422 medicus,
1264 4339 1435 4422 lauranus,
1464 4359 1580 4405 reeens
1600 4361 1672 4428 pro·

247 4454 364 4526 motus,
386 4462 447 4529 pro
469 4437 657 4505 doctoratus
680 4437 772 4504 titulo
793 4436 971 4527 adsequuto
993 4439 1175 4504 numeravit
1196 4437 1367 4504 duodecim
1385 4459 1530 4524 grossos.

207 4558 241 4614 to
331 4541 461 4609 Castori
482 4537 622 4605 domini
618 4539 809 4624 magistri
830 4536 942 4602 itidem
961 4560 1021 4625 pro
1042 4537 1149 4605 foelici
1171 4538 1316 4625 auspicio
1326 4548 1540 4606 numerarunt
1552 4535 1669 4626 singuli

251 4653 405 4735 quantum
426 4639 582 4724 cuiusque
602 4659 656 4702 res
678 4636 829 4753 tulerunt,
848 4659 979 4724 nempe.

350 4741 396 4807 M.
416 4737 557 4806 Iacobus
580 4735 734 4803 Lubener
754 4737 862 4803 senior
887 4735 1012 4824 collega
1034 4736 1162 4824 collegii
1182 4735 1300 4802 beatae
1318 4737 1456 4824 virginis
1499 4742 1520 4806 6
1537 4751 1570 4825 95

352 4842 397 4906 Μ.
418 4840 568 4906 Donatus
590 4835 709 4904 Zolner
732 4835 935 4903 Oamitianus
944 4885 1455 4902 ...........
1498 4842 1558 4905 6

352 4942 398 5007 Μ.
420 4937 570 5005 Andreas
591 4935 695 5002 lando
717 4934 1003 5024 Sprembergensis
1041 4984 1456 5001 .........
1499 4944 1558 5004 5⁸

209 5052 241 5108 45
352 5040 397 5105 Μ.
421 5032 647 5124 sigismundus
666 5035 782 5101 Prufer
803 5034 911 5121 Gloga
913 5083 1454 5101 ............
1497 5040 1519 5102 6
1544 5064 1557 5091 a

353 5140 399 5206 M.
419 5136 569 5204 Andreas
592 5134 737 5201 Freihub
758 5135 914 5223 Sprottav
914 5182 1304 5202 .........
1343 5129 1354 5200 ’.
1396 5184 1404 5198 .
1448 5182 1455 5199 .
1497 5138 1556 5203 ti·
