3756 6158
247 450 285 512 40
493 451 576 498 Lehr·
597 451 650 498 nod
669 449 851 514 Stnndanplsn
873 451 914 500 sur
930 452 982 501 alle
1000 452 1156 501 Facultates
1179 466 1240 500 vom
1257 451 1340 500 Jahrc
1360 454 1425 499 1519
1465 417 1472 424 ἱ

329 629 481 694 Eadem
502 629 613 695 hora.
658 630 724 695 Sed
751 652 814 716 quo
836 631 996 697 reconditi
1021 631 1157 696 aliarum
1189 633 1308 695 artium
1328 629 1436 695 aditus
1467 651 1526 717 per
1553 628 1673 694 dialec-

371 730 469 793 ticam
489 730 616 795 mediae
639 730 752 795 classis
773 730 999 796 auditoribus¹
1022 740 1171 817 pateant,
1193 731 1232 794 in
1254 738 1418 795 aestate
1438 729 1587 816 legentur
1608 731 1674 794 isa·

370 850 455 915 goge
475 830 662 916 Porphyrii,
685 832 870 915 categoriae
890 829 1074 895 Aristotelis
1096 841 1128 895 ot
1149 831 1311 916 principia
1329 829 1472 895 Gilberti
1484 829 1667 912 Porretani,

370 927 412 992 ab
441 928 617 993 Hermolao
643 929 792 994 Barbare
825 929 985 1011 tralata²;
1021 933 1062 994 in
1093 929 1234 1015 hyeme
1261 927 1338 992 libri
1367 930 1437 1015 peri
1466 928 1670 993 hermeneias

368 1027 563 1109 Aristotelis,
584 1028 626 1092 ab
640 1028 850 1114 Argyropylo
873 1029 1013 1115 eleganti
1037 1039 1070 1094 et
1091 1029 1252 1094 communi
1268 1023 1441 1092 tralbtione
1460 1076 1553 1092 .....
1563 1029 1576 1070 ³
1600 1026 1673 1091 illu·

371 1129 481 1208 strati,
504 1127 621 1191 deinde
640 1128 679 1190 B.
702 1127 845 1192 Thomas
869 1129 909 1194 de
935 1128 1229 1215 paralogismorum
1247 1129 1384 1213 argutiis
1391 1176 1401 1210 ,
1430 1126 1586 1214 expedita
1609 1148 1674 1191 me·

370 1226 417 1290 dii
439 1226 640 1312 syllogistis⁴
664 1228 850 1291 inventione
878 1250 917 1292 ac
944 1228 1132 1293 multivaria
1161 1226 1424 1313 syllogismorum
1450 1234 1611 1313 potestate
1639 1226 1673 1290 in

370 1324 548 1390 modalium
571 1327 829 1411 propositionum
849 1328 1042 1391 formatione
1062 1337 1093 1391 et
1113 1325 1332 1412 peculiaribus
1355 1324 1624 1412 proprietatibus.

326 1423 474 1488 Eadem
501 1423 610 1489 hora.
649 1425 697 1488 Ne
718 1424 845 1490 erudita
865 1436 897 1490 et
916 1427 1028 1511 gravis
1047 1425 1273 1512 philosophiae
1295 1424 1455 1490 naturalis
1472 1425 1626 1489 maiestas
1641 1432 1675 1488 et

371 1522 528 1587 obtrusa⁵
554 1523 693 1589 eruditio
721 1526 755 1589 in
786 1526 891 1611 primo
922 1523 1151 1589 Aristotehcae
1177 1524 1403 1611 philosophiae
1429 1522 1590 1590 vestibulo
1620 1534 1671 1609 ty·

369 1644 484 1686 ronum
506 1624 637 1708 ingenia
657 1622 775 1688 obruat
800 1624 852 1689 vel
873 1623 1051 1707 deterreat,
1073 1647 1133 1711 per
1153 1624 1196 1689 Ι).
1217 1623 1401 1705 Albertum,
1430 1622 1585 1688 facillimo
1607 1632 1672 1686 tra-

368 1722 445 1786 mite
466 1732 568 1787 totam
588 1722 774 1787 Aristotelis
795 1723 966 1810 physicam
990 1724 1271 1810 complectentem,
1299 1723 1343 1788 ad
1363 1721 1567 1810 capessenda
1587 1721 1672 1786 difli-

370 1819 447 1885 cilia
470 1820 626 1906 dogmata
647 1830 682 1886 et
701 1832 839 1886 naunae
860 1844 982 1887 areana
1003 1821 1201 1888 erudientur.

326 1917 444 1984 Hora
467 1930 628 1985 octava.
671 1922 836 2007 Legentnr
868 1920 979 1985 dedita
1006 1942 1107 2007 opera
1128 1932 1201 1987 octo
1224 1920 1301 1986 libri
1318 1919 1503 1986 Aristotelis
1525 1920 1566 1985 de
1588 1920 1671 2008 phy·

372 2020 439 2084 sico
461 2019 587 2102 auditu,
609 2021 643 2084 in
664 2020 836 2086 tralatione
857 2020 1033 2106 Augustini
1054 2021 1084 2084 N
1085 2021 1167 2107 yphi
1172 2070 1181 2103 ,
1213 2021 1269 2104 qui
1291 2020 1335 2085 ad
1354 2019 1560 2107 Argyropyli
1582 2018 1672 2106 lepo-

371 2141 439 2181 rem
461 2118 544 2183 adeo
567 2129 713 2205 spectata
734 2121 920 2207 interpretis
940 2119 1005 2184 fide
1026 2121 1195 2207 aspiravit,
1217 2130 1253 2184 ιιι
1272 2122 1343 2206 ipse
1363 2121 1510 2204 gnarus⁶
1533 2116 1672 2205 a'grege

372 2215 559 2282 Aristotelis
582 2218 739 2284 defecisse
760 2219 1029 2304 haudquaquam
1051 2220 1241 2283 ratiocinari
1264 2226 1383 2305 posset.
1464 2211 1466 2215 ’

329 2314 409 2380 Sub
437 2317 575 2382 eadem
601 2317 709 2384 hora.
752 2318 834 2384 Cum
870 2319 1025 2383 exercitio
1052 2319 1185 2404 peritia,
1215 2327 1250 2381 ut
1284 2316 1410 2382 Fabius
1440 2338 1483 2382 ex
1522 2317 1669 2382 Platonis

373 2417 533 2482 sententia
554 2419 615 2499 ait,
647 2419 868 2501 convalescat,
890 2418 1038 2483 dominus
1061 2416 1202 2482 decanus
1224 2418 1258 2480 in
1289 2416 1414 2482 artibus
1442 2417 1601 2481 exercitia
1626 2415 1672 2480 le·

372 2514 478 2601 gendo
509 2538 548 2580 ac
575 2514 771 2604 disputando
806 2540 878 2582 eum
908 2517 1088 2603 magisterii
1122 2525 1154 2581 et
1186 2515 1454 2581 baccalaureatus
1485 2513 1672 2580 candidatis

371 2614 559 2680 celebrabit.
1291 2632 1294 2636 ·

329 2713 482 2779 Eadem
504 2716 614 2780 hora.
656 2715 750 2782 cum<
769 2717 898 2799 inertis,
928 2726 964 2780 ut
990 2715 1106 2781 Cicero
1130 2715 1193 2797 ait,
1225 2716 1267 2779 sit
1296 2715 1419 2799 ingenii
1448 2713 1570 2779 rivulos
1596 2734 1672 2777 con·

372 2816 491 2879 sectari
513 2825 545 2881 et
567 2816 673 2881 fontes
695 2838 803 2879 rerum
824 2814 1008 2901 negligere,
1035 2813 1160 2900 legetur
1180 2814 1386 2895 Priscianus,
1414 2835 1456 2877 ex
1481 2834 1544 2899 quo
1565 2822 1674 2878 neote-

371 2915 431 2990 rici
452 2916 738 3000 grammaticorum
759 2914 856 2980 rivoli
877 2915 1124 2979 scaturiverunt.

772 3081 873 3146 Horis
894 3079 1138 3167 pomeridianis.

327 3212 440 3278 Hora
462 3211 687 3277 undecima.
731 3213 780 3277 Ne
800 3212 986 3279 dialectices
1009 3224 1141 3299 tyrones
1163 3211 1329 3298 perplexis
1353 3210 1621 3276 secundariorum
1643 3222 1675 3275 et

370 3313 599 3399 primariorum
628 3312 841 3377 intentionum
869 3311 1129 3398 quaestionibus,
1158 3322 1213 3376 aut
1234 3310 1331 3398 plane
1352 3310 1417 3375 illis
1441 3310 1531 3375 Secti
1553 3309 1674 3379 forma-

371 3412 498 3476 litatum
526 3412 691 3476 meandris
720 3420 752 3477 et
774 3412 930 3498 Crysippi
958 3413 1133 3476 soritarum
1160 3410 1266 3475 modis
1298 3420 1355 3474 aut
1380 3409 1554 3475 dialectiea
1580 3410 1670 3494 inge·

368 3513 496 3576 nicrum
517 3520 588 3576 cote
610 3521 642 3576 et
663 3513 781 3576 artium
801 3511 950 3596 magistri
971 3509 1203 3592 deterreantur,
1229 3509 1379 3595 legentur
1401 3520 1526 3596 septem
1547 3518 1670 3574 tracta-

372 3619 423 3674 tus
443 3610 532 3675 Petri
552 3609 710 3696 Hispani,
731 3613 787 3696 qui
807 3609 929 3674 relictis
950 3609 1144 3695 ambagibus
1165 3608 1329 3673 auditores
1360 3607 1450 3673 facili
1472 3611 1528 3673 via
1548 3610 1583 3672 in
1605 3607 1674 3672 dia-

368 3707 498 3774 lectices
521 3708 701 3795 penetralia
720 3708 829 3791 ducet,
858 3731 899 3773 ne
920 3711 955 3773 in
975 3709 1040 3773 illis
1060 3707 1146 3773 ultra
1173 3717 1311 3772 aetatem
1338 3705 1427 3772 velut
1456 3707 1545 3795 apud
1574 3706 1673 3793 Syre·

370 3809 443 3873 nios
465 3807 616 3894 scopulos
639 3817 880 3873 consenescant.
1356 3823 1359 3827 ·

329 3905 410 3970 Sub
432 3906 574 3972 eadem
596 3906 703 3972 hora.
746 3906 828 3972 Cum
849 3905 1058 3989 Aristoteles,
1088 3907 1155 3971 dux
1183 3907 1485 3992 peripateticorum,
1516 3906 1674 3971 Isocratis

372 4005 519 4092 exemplo
542 4015 656 4087 motus,
678 4005 912 4092 philosophicis
935 4004 1210 4091 disputationibus
1232 4006 1393 4070 oratorias
1416 4004 1523 4069 theses
1543 4026 1670 4069 accone

372 4103 567 4186 modaverit,
587 4107 636 4169 'ne
663 4115 695 4170 et
715 4105 775 4169 has
796 4104 985 4190 negligatis,
1012 4106 1051 4168 in
1074 4112 1231 4171 aestate
1259 4103 1377 4189 legitur
1400 4102 1516 4168 Cicero
1540 4101 1584 4167 ad
1606 4103 1674 4167 He

371 4204 518 4268 renninm
530 4253 539 4284 ,
572 4204 614 4266 in
643 4203 784 4289 hyeme
813 4214 878 4268 tres
899 4202 975 4267 libri
1003 4203 1171 4269 Ciceronis
1193 4201 1233 4266 de
1253 4213 1397 4285 oratore,
1432 4201 1554 4283 Quinto
1576 4202 1671 4266 fratri

370 4303 561 4367 nominatim
570 4301 678 4384 dicati,
695 4304 729 4367 in
741 4300 857 4387 quibus
867 4301 982 4368 Cicero
992 4302 1182 4368 Ciceronem
1191 4304 1309 4367 vicisse
1317 4301 1520 4387 Hieronymo
1530 4300 1670 4366 videtur.

330 4399 413 4466 Sub
443 4401 581 4466 eadem
611 4400 720 4466 hora.
772 4400 967 4466 Themistius
997 4401 1038 4466 de
1069 4401 1206 4489 physica
1241 4401 1476 4466 auscultatione
1510 4403 1672 4467 aestivo

374 4501 523 4565 semestri
550 4498 690 4586 legetur,
719 4503 757 4564 in
788 4501 928 4586 hyeme
955 4523 1033 4566 vero
1053 4511 1119 4566 tres
1139 4499 1215 4565 libri
1239 4501 1408 4566 Themistii
1430 4500 1470 4565 de
1491 4503 1602 4567 anima
1628 4503 1674 4566 in·

205 4613 239 4668 40
370 4598 654 4686 terpretabuntur,
687 4622 767 4686 quos
793 4598 989 4665 Hermolaus
1021 4600 1206 4683 Barbarus,
1247 4599 1499 4685 Aquilegnensis
1534 4602 1673 4689 patriar·

315 4870 327 4920 1
347 4863 536 4920 Gesohricben
555 4864 628 4920 steht
646 4865 798 4920 semaa
918 4871 933 4920 2
953 4873 1057 4936 etpost
1074 4865 1227 4939 Gilhertm
1244 4864 1429 4920 Porretaoam
1445 4866 1482 4920 ab
1499 4863 1674 4921 ermom

300 4949 535 5102 ndmlludugcrhch,
553 5031 697 5088 scheinbar
714 5051 848 5088 carosam.
917 5036 933 5087 4
952 5031 1137 5102 Undeutlieh,
1154 5037 1226 5087 etwa
1240 5032 1415 5103 caliopianss'!

319 5121 335 5170 5
352 5115 460 5170 odorae
475 5115 542 5170 oder
561 5117 679 5188 obtmss’,
695 5116 768 5173 doeh
785 5116 849 5173 sehr
865 5114 1033 5171 undeutlich
1108 5123 1123 5172 6
1141 5114 1328 5173 Gesehrieben
1345 5115 1418 5172 steht
1434 5123 1539 5187 maan.
