3756 6158
750 491 800 544 Die
817 492 1036 557 philosophische
1052 491 1181 543 Facultaa

495 681 547 743 26.
568 694 616 742 nu
637 693 893 744 nrsruracmus
915 690 1106 741 onnruusra
1125 690 1428 743 saccsusmoanu.

332 809 454 892 Placet,
477 810 563 895 quod
590 807 949 896 quilibet'baccalarius
976 809 1010 873 in
1032 808 1158 873 artibus
1183 816 1331 872 teneatur
1353 808 1388 870 in
1409 805 1526 871 ordine
1548 827 1606 870 suo
1628 804 1679 869 die
1704 836 1712 848 ·

250 907 411 974 dominico
434 910 601 996 disputare
623 910 785 975 ordinarie
809 933 881 974 cum
902 909 1112 973 intimacione
1136 906 1270 994 publica
1289 929 1354 973 non
1376 904 1480 969 solum
1503 903 1546 968 ad
1568 902 1679 968 valvas

250 1007 460 1094 collegiorum
478 1009 549 1073 ‘sed
580 1010 683 1074 eciam
713 1009 756 1074 ad
786 1009 921 1074 bursam
952 1007 1126 1089 facultatis,
1159 1029 1242 1094 quae
1271 1016 1321 1071 est
1352 1005 1444 1070 locus
1473 1002 1679 1091 paedagogii

207 1117 224 1170 5
252 1106 359 1187 Quam
381 1108 632 1195 disputationem
661 1110 802 1174 decanus
831 1117 957 1173 tenetur
984 1106 1047 1172 sibi
1076 1106 1118 1171 ad
1146 1116 1218 1172 octo
1247 1105 1317 1171 dies
1347 1113 1422 1169 ante
1446 1125 1506 1191 per
1527 1101 1678 1167 famulum

248 1209 469 1297 universitatis
491 1209 658 1272 intimare
691 1207 790 1272 Etru
818 1206 1065 1293 disputando
1040 1228 1087 1270 src
1108 1205 1273 1272 ordinarie
1294 1227 1359 1271 non
1386 1204 1499 1290 capiat
1520 1204 1679 1290 quaestio

250 1327 308 1370 nes
328 1308 393 1371 uisi
414 1309 448 1371 in
469 1306 591 1392 logica
605 1317 636 1372 et
657 1308 691 1371 in
712 1305 920 1394 philosophia
940 1304 1091 1386 naturali,
1118 1327 1179 1370 nec
1206 1305 1409 1391 sophismata
1431 1305 1496 1367 uisi
1516 1304 1553 1366 in
1575 1324 1678 1387 gram·

251 1404 371 1471 matica
393 1416 425 1470 et
445 1406 562 1521 loyca,
579 1406 638 1471 snb
661 1428 767 1492 poena
793 1404 904 1469 decem
933 1426 1131 1490 grossorum,
1154 1426 1243 1491 quos
1264 1403 1407 1468 decanus
1430 1400 1491 1466 sub
1513 1423 1574 1466 suo
1596 1402 1678 1465 iura·

250 1514 357 1569 mento
383 1514 509 1570 tenetur
536 1506 682 1591 rigorose
711 1514 903 1590 extorquere
931 1503 973 1569 ab
1002 1502 1123 1568 eodem.
1165 1502 1263 1583 Quod
1291 1504 1394 1567 seiam
1421 1498 1626 1586 intelligitur,
1653 1500 1680 1564 si

210 1607 257 1668 10
250 1626 284 1668 ιιι
318 1603 444 1668 artibus
476 1627 541 1669 non
573 1604 748 1686 studuerit,
781 1607 857 1690 quia
885 1603 992 1668 adhuc
1023 1603 1192 1729 disputare
1220 1611 1356 1683 tenetur,
1386 1600 1491 1666 donec
1517 1599 1678 1664 biennium

251 1704 470 1790 compleverit

282 1881 293 1916 t
435 1858 482 1919 27.
503 1871 551 1918 nu
571 1870 831 1920 nrsrursrrous
855 1869 1169 1919 uxraaonnmarra
1189 1867 1497 1918 sacernamoauu.

332 1985 454 2066 Placet,
476 1985 563 2074 quod
583 1985 691 2052 nullus
711 1987 970 2067 baccalariorum
992 1985 1182 2073 plusquam
1204 1984 1302 2050 semel
1324 1987 1359 2049 in
1379 1981 1433 2049 die
1455 1981 1678 2047 extraordina-

250 2088 298 2150 rie
320 2085 463 2172 disputet
482 2088 515 2149 in
536 2085 645 2174 aliquo
666 2086 871 2152 lectoriorum
892 2108 966 2150 cum
986 2086 1194 2150 intimacione
1222 2083 1355 2173 publica
1382 2093 1415 2148 et
1437 2080 1556 2146 habitu
1581 2080 1678 2165 magl-

213 2195 243 2250 15
253 2179 355 2266 shall,
383 2193 415 2248 et
434 2182 554 2249 habeat
575 2185 657 2249 duas
678 2187 880 2272 quaestiones
902 2195 934 2251 et
954 2184 1018 2251 duo
1038 2180 1332 2272 zophis[23⁸]mata
1350 2185 1385 2247 in
1408 2183 1550 2246 materia
1570 2201 1678 2266 supra·

249 2285 425 2366 nominata,
454 2283 650 2371 disputando
673 2284 716 2349 ad
744 2285 868 2367 horam,
898 2283 959 2352 sub
988 2306 1094 2371 poena
1119 2307 1185 2349 non
1209 2283 1465 2370 eomputacionis
1492 2281 1589 2346 istius
1617 2278 1676 2343 dis·

206 2415 209 2420 ·
249 2383 428 2469 putationis
448 2384 603 2471 utrisque,
624 2394 693 2449 tam
714 2381 986 2472 respondentibus
1007 2405 1108 2470 quam
1129 2381 1319 2471 disputanti.

249 2554 299 2617 28·
331 2565 378 2612 DE
401 2565 631 2617 LECTIONIBUS
651 2567 824 2616 LEGENDIS
845 2568 912 2615 PER
934 2548 1173 2615 nsccsusmos
1195 2567 1231 2614 m
1252 2565 1379 2614 DIEBUS
1402 2562 1675 2613 emovemus

765 2668 812 2714 AD
834 2667 921 2715 Tame
944 2666 1167 2714 SEPTIMANAS.

208 2789 241 2845 20
334 2771 518 2844 Baccalarii
555 2789 701 2866 tempore
741 2785 962 2869 suspensionis
1001 2781 1174 2848 lectionum
1213 2781 1247 2844 in
1285 2779 1400 2844 diebus
1438 2776 1673 2844 canicularibus

247 2878 385 2965 legendo
409 2877 560 2963 aliquid
551 2902 586 2954 nr
606 2883 829 2964 grammatica,
850 2882 1013 2948 rethorica
1033 2881 1145 2947 autin
1166 2878 1427 2966 computantibus
1449 2888 1482 2942 et
1503 2877 1671 2991 algorismo

200 3042 202 3049 .
248 2978 370 3044 debent
390 3001 424 3044 se
446 2977 618 3077 diligenter
639 2981 827 3046 exercitare.
856 2981 901 3047 Et
922 2992 1106 3069 antequam
1117 2980 1180 3045 hoc
1199 2980 1345 3061 fecerint,
1365 2999 1427 3115 pro
1449 2975 1557 3064 gradu
1577 2978 1672 3063 magi·

249 3079 340 3197 sterii
361 3099 564 3164 nequaquam
587 3077 806 3182 admittantur.

310 3249 358 3310 29.
386 3260 433 3308 nu
455 3261 599 3309 uuuuao
620 3259 914 3312 naccuussrosun
936 3230 1198 3312 msrursucruu
1216 3262 1343 3312 nmsus
1362 3259 1546 3311 nounucrs
1568 3261 1613 3308 ιιι

206 3351 239 3407 25
658 3362 863 3411 nasuucruu
883 3364 967 3411 mon
989 3361 1257 3437 suenruuuruu.

330 3475 456 3557 Placet,
484 3485 519 3539 ut
545 3475 728 3559 quindecim
756 3477 934 3543 baccalarii
961 3479 1114 3559 seniores,
1140 3475 1256 3541 diebus
1278 3475 1449 3541 dominicis
1476 3476 1512 3540 in
1534 3475 1668 3562 disputa·

249 3576 341 3640 cioue
360 3574 619 3640 baecalariorum
642 3587 839 3662 praesentes,
866 3577 1008 3642 habeant
1037 3574 1172 3665 quilibet
1198 3575 1340 3640 medium
1369 3595 1521 3660 grossum
1547 3597 1667 3653 novum,

249 3695 328 3762 qnos
350 3673 553 3739 bacoalarius
575 3674 746 3761 disputans
768 3676 989 3764 praesentabit
1008 3676 1131 3759 eisdem
1152 3694 1228 3741 mox
1249 3675 1283 3737 in
1304 3673 1418 3739 eadem
1440 3674 1666 3761 disputseions,

250 3773 309 3839 sub
331 3794 437 3859 poena
460 3783 531 3838 octo
555 3797 753 3858 grossorum,
775 3799 854 3863 quos
876 3774 1018 3841 decanus
1041 3785 1235 3859 extorquere
1255 3783 1391 3838 tenetur.

206 3951 240 4006 30
466 3945 515 4006 30.
537 3959 584 4003 nn
604 3957 718 4005 conus
741 3958 972 4020 ossanvanns
994 3959 1030 4006 ιιι
1053 3956 1236 4006 conusens
1256 3957 1301 4002 ur
1322 3955 1454 4004 susus.

329 4072 456 4154 Placet,
496 4072 584 4160 quod
618 4058 652 4137 in
684 4074 770 4139 nullo
803 4074 1011 4160 collegiorum
1043 4072 1095 4138 vel
1126 4072 1298 4138 bursarum
1332 4073 1505 4160 supposita
1547 4079 1665 4137 servent

246 4194 381 4237 coenam
406 4171 459 4236 vel
488 4173 530 4237 ad
558 4195 629 4237 eam
658 4173 782 4259 pulsari
810 4175 933 4240 faciant
957 4173 1034 4239 'ante
1062 4173 1177 4239 horam
1205 4174 1359 4260 quintam,
1388 4181 1456 4237 tam
1488 4173 1522 4237 in
1552 4179 1664 4237 aestate

246 4295 343 4356 quam
363 4273 397 4336 in
420 4263 545 4358 hyeme,
565 4271 625 4337 sub
647 4296 753 4360 poena
773 4284 910 4361 quatuor
930 4291 1118 4360 grossorum
1139 4295 1198 4359 per
1219 4271 1377 4337 decanum
1399 4294 1426 4336 a.
1442 4271 1663 4338 contrafacien-

244 4370 332 4437 tibns
352 4371 656 4459 extorquendorum.

203 4545 237 4602 ³5
465 4538 556 4603 XIV.
579 4534 639 4625 [Bl
662 4536 733 4625 231’]
757 4556 1000 4605 carmunuu
1021 4528 1215 4604 nucruuu
1237 4555 1450 4616 curarum.

341 4688 507 4753 Statuta
527 4690 826 4754 concerneneia
845 4688 1171 4776 magistrandos,
1198 4711 1299 4776 quae
1323 4688 1410 4775 legi
1432 4689 1580 4755 debent

605 4797 787 4876 tempore
809 4789 1144 4876 dispensacionis
1167 4811 1311 4854 eorum.

331 4943 354 5000 t.
377 4936 522 5016 Quilibet
534 4935 676 5003 decanus
688 4949 815 5005 tenetur
836 4939 945 5025 legere
960 4937 1193 5025 subsequencia
1215 4945 1336 5003 statuta
1355 4926 1544 5027 promoveri
1565 4936 1658 5005 volen-

245 5034 331 5100 tibus
352 5035 393 5099 ad
416 5037 554 5119 gradum
573 5039 752 5121 magisterii
773 5049 920 5125 tempore
942 5037 1206 5125 dispensacionis.
1246 5037 1290 5101 Et
1311 5037 1501 5126 subscripta
1520 5037 1658 5105 iursbunt

205 5145 284 5200 lose
305 5135 527 5221 complevisse,
548 5137 612 5201 nisi
634 5160 732 5224 super
752 5139 814 5225 hys
835 5161 906 5202 cum
928 5139 974 5202 eis
996 5139 1094 5202 firerit
1113 5137 1345 5223 dispensatum
