3756 6158
269 443 330 535 tit
760 451 811 520 mi
829 468 1049 535 pnnosopmwse
1066 471 1193 529 raama

298 691 328 752 4·
349 703 396 751 DE
419 702 588 752 Tsaaams
609 705 677 753 PRO
701 704 843 754 HONORE
865 704 1079 756 sacunrarls
1099 704 1168 756 PER
1188 706 1395 758 Ducanaros
1417 706 1665 756 OBSERVANDIS.

350 819 478 886 Decani
497 829 573 907 post
594 820 770 886 decanatus
792 822 938 908 ipsorum
961 821 1102 887 officium
1123 822 1281 915 tabardos
1302 832 1335 888 et
1354 820 1488 888 habitus
1515 821 1690 890 doeamua

269 939 329 1004 pro
359 916 481 1001 honore
508 919 672 985 facultatis
701 920 874 987 observent
899 943 976 1003 nec,
1006 931 1181 1008 antequam
1207 921 1377 988 licenciam
1399 923 1435 986 in
1456 920 1525 986 alia
1543 921 1691 987 facultate

270 1015 454 1103 attingant,
477 1019 636 1105 vendant,
665 1020 725 1085 sub
754 1042 861 1108 poena
887 1021 982 1085 unius
1014 1028 1215 1108 sexagenas,
1244 1044 1340 1109 quarn
1376 1043 1519 1109 poenam
1555 1020 1691 1087 decanus

227 1125 243 1181 5
272 1138 293 1181 a
319 1116 517 1183 contrarium
546 1120 684 1185 faciente
711 1119 771 1184 sub
802 1142 859 1184 suo
888 1121 1092 1185 iuramento¹
1119 1129 1194 1184 cum
1223 1119 1345 1186 auxilio
1375 1119 1543 1186 facultatis
1571 1131 1691 1187 tenetur

268 1223 471 1304 extorquere.
512 1218 557 1284 Et
583 1219 810 1300 nichilominus
839 1227 952 1283 eontra
976 1217 1038 1284 hoc
1066 1227 1220 1284 statutum
1248 1219 1404 1285 facientes
1436 1218 1582 1286 decanus
1604 1219 1693 1286 debet

268 1316 455 1403 requirere,
483 1312 519 1384 ut
538 1318 624 1384 infra
644 1311 788 1403 medium
808 1340 927 1386 annum
954 1318 996 1385 de
1022 1317 1171 1411 tabardis
1197 1319 1244 1383 eie
1264 1318 1482 1406 provideant,
1509 1342 1617 1408 poena
1638 1319 1691 1384 sub

268 1436 460 1506 praemissa
975 1440 981 1447 ·

418 1591 447 1652 5.
476 1602 523 1650 na
544 1600 706 1651 aorasia
727 1600 1015 1652 corveassrroun
1036 1602 1288 1670 momrnoaun
1309 1602 1555 1654 ossanvsnns.

230 1726 262 1781 10
352 1716 475 1802 Placet,
492 1718 588 1807 quod,
612 1719 640 1783 si
662 1716 703 1811 de
724 1719 831 1807 aliquo
852 1720 1084 1806 magistrorum
1108 1728 1309 1807 compertum
1329 1719 1438 1804 fuerit,
1459 1718 1549 1807 quod
1564 1720 1601 1786 in
1613 1743 1689 1788 com·

269 1817 366 1883 modo
389 1810 446 1884 suo
467 1816 633 1906 publicam
652 1821 853 1885 meretricem
874 1818 1047 1904 habuerit,
1067 1819 1125 1897 vel¹
1148 1821 1183 1884 in
1209 1817 1311 1885 bursa
1331 1817 1386 1887 vel
1413 1819 1482 1887 alia
1504 1819 1620 1902 domo,
1641 1819 1688 1886 dc

270 1915 423 1984 muncula
441 1941 497 1990 eeu
516 1915 652 1984 comodo
663 1919 833 2010 ⁴meretrici
849 1918 999 2006 publicae
1016 1919 1069 1987 vel
1080 1917 1305 1985 meretricibus
1322 1916 1463 2007 publicis
1485 1929 1689 1987 conversatu

269 2016 385 2099 fuerit,
405 2017 458 2082 vel
478 2019 513 2083 in
535 2018 709 2102 conviviis,
733 2018 881 2108 prandiis
902 2029 958 2085 aut
980 2018 1227 2102 collacionibus,
1248 2017 1306 2084 ubi
1325 2017 1425 2085 talem
1446 2017 1501 2085 vel
1521 2017 1607 2085 tales
1626 2040 1689 2086 esse

272 2116 422 2199 sciverit,
447 2117 562 2199 fuerit,
589 2116 642 2183 vel
662 2119 697 2183 in
718 2117 923 2185 habitacione
955 2141 1014 2184 sua
1045 2117 1261 2184 concubinam
1292 2114 1424 2207 publice
1450 2119 1615 2213 (tenuerit,
1643 2118 1688 2184 vel

231 2215 380 2283 stlocum
400 2226 600 2304 suspectum,
620 2217 774 2283 videlicet
796 2216 1021 2305 prostibulum,
1031 2218 1232 2302 visitaverit,
1254 2225 1310 2283 aut
1331 2219 1360 2282 si
1381 2216 1423 2282 de
1443 2215 1509 2285 boo
1529 2227 1688 2307 suspecta

270 2337 304 2380 se
327 2337 512 2403 expurgare
531 2319 728 2402 nequiverit,
751 2316 803 2383 vel
832 2317 874 2382 de
896 2318 960 2384 hoc
988 2319 1173 2400 convictus,
1199 2316 1275 2382 talis
1303 2317 1346 2381 sit
1370 2315 1581 2387 inabilisad
1607 2326 1687 2384 atbar

270 2415 458 2482 scolasticos
479 2416 695 2485 exercendum
723 2426 755 2482 ct
781 2417 825 2483 ad
853 2414 994 2511 aliquem
1017 2417 1070 2484 vel
1098 2416 1223 2503 aliquos
1250 2415 1512 2511 promovendum
1532 2417 1577 2483 ad
1597 2420 1685 2484 unum

271 2538 410 2598 annum,
441 2537 502 2609 nec
534 2515 578 2581 ad
607 2516 776 2582 consilium
806 2516 991 2599 facultatis,
1024 2518 1052 2582 si
1073 2516 1139 2582 -de⁴
1154 2515 1241 2589 facto
1271 2516 1306 2580 in
1334 2538 1371 2582 eo
1400 2538 1468 2582 non
1487 2516 1613 2600 ¹fuerit,
1632 2510 1685 2582 nisi

268 2619 307 2680 'se
328 2617 509 2681 correxerit
535 2625 569 2682 et
593 2615 752 2683 facultati.
770 2618 894 2684 arcium
917 2637 1015 2703 super
1042 2616 1105 2683 hoc
1132 2615 1345 2682 sufficientem
1373 2615 1549 2684 emendam
1576 2616 1684 2697 fecem

227 2722 465 2783 waseumatur.
574 2731 577 2736 ·

548 2889 576 2950 6.
604 2879 663 2970 [m
680 2879 732 2970 ab]
761 2899 809 2948 na
830 2900 983 2950 osonum
1004 2898 1135 2948 marro
1154 2897 1417 2948 morsrsoauu.

352 3015 476 3100 Placet,
498 3016 586 3105 quod
606 3016 726 3104 singuli
741 3017 890 3102 magistri
908 3017 1033 3081 arcium
1048 3013 1199 3103 decenter
1221 3014 1382 3082 habitasti
1401 3014 1559 3082 incedant
1579 3013 1682 3082 calceis

136 3102 144 3115 ⁴
269 3139 336 3182 non
348 3118 507 3200 rostratis,
528 3116 643 3204 palleis
658 3125 689 3182 et
701 3117 820 3182 tunicis
841 3138 905 3199 non
926 3115 1059 3183 nimium
1082 3115 1257 3181 accurtatis
1279 3124 1311 3180 et
1332 3113 1450 3200 caligis
1472 3114 1640 3198 florieatim
1657 3124 1682 3177 et

269 3226 377 3283 vestes
398 3218 528 3284 omnino
545 3215 732 3282 indecentes
746 3215 877 3303 publice
897 3236 962 3280 non
984 3213 1141 3297 deferant,
1163 3213 1281 3298 quibus
1303 3210 1509 3301 magistralis
1529 3237 1595 3283 non
1613 3235 1681 3279 com-

229 3315 440 3382 25mendatur
461 3315 615 3403 dignitas,
636 3317 716 3380 etsi
737 3317 792 3402 qui
815 3337 907 3381 secus
928 3315 1066 3380 fecerint
1085 3324 1127 3396 et,
1149 3335 1247 3400 super
1270 3311 1334 3380 boc
1351 3328 1372 3380 a
1392 3313 1519 3381 decano
1542 3313 1681 3402 requisiti,

271 3439 305 3484 se
329 3415 502 3481 emendare
521 3438 586 3481 non
608 3416 812 3497 curaverint,
834 3414 876 3503 ab
899 3414 1048 3480 omnibus
1069 3412 1195 3479 actibus
1225 3412 1407 3479 scolasticis
1429 3422 1463 3480 et
1484 3412 1681 3480 emolimentis

270 3515 433 3582 facultatis
454 3516 519 3580 sint
540 3516 700 3601 suspensi,
722 3511 825 3579 donec
845 3514 992 3580 facultati
1014 3512 1215 3580 reconciliati
1235 3513 1355 3588 fuerint
1374 3522 1406 3577 et
1427 3534 1503 3579 cum
1525 3513 1636 3579 effecti
1650 3510 1681 3576 de

177 3619 179 3623 ’
271 3615 330 3681 tali
350 3613 576 3681 inobediencia
597 3623 630 3680 et
652 3615 914 3700 transgressione
936 3613 1048 3680 statuti
1071 3611 1236 3679 facultatis
1260 3611 1490 3679 satisfecerint

313 3805 341 3864 7.
363 3803 549 3866 rrsruruu
563 3814 790 3865 coronamus
805 3812 985 3863 moronus
999 3810 1224 3892 rmnaooon,
1245 3810 1342 3874 ouon
1359 3812 1415 3863 ars
1437 3812 1523 3864 nam
1543 3811 1651 3862 nnnsr

230 3907 264 3964 30
563 3913 727 3963 ramosa
748 3911 1008 3962 sssmusrronrs
1030 3910 1228 3959 mensumn
1248 3912 1410 3961 amenas.

356 4031 493 4114 Placuit,
515 4040 550 4095 ut
566 4031 657 4116 rigor
676 4029 865 4094 scolasticus
884 4029 1013 4092 omnino
1033 4028 1181 4092 servetur
1196 4027 1230 4091 in
1249 4026 1466 4114 paedagogio,
1489 4029 1577 4119 quod
1598 4035 1682 4092 recte

273 4156 326 4199 res
345 4154 403 4196 seu
417 4138 626 4196 conventores
645 4127 789 4194 eiusdem
808 4150 880 4219 cum
901 4125 1071 4213 diligentia
1088 4136 1180 4192 actus
1200 4126 1323 4192 ibidem
1343 4127 1529 4214 respitiant,
1549 4129 1596 4193 ita
1614 4123 1683 4215 quod

274 4232 392 4318 aliquis
414 4252 526 4295 eorum
546 4231 580 4294 in
606 4250 747 4315 persona
768 4228 904 4314 propria
931 4224 1051 4291 habeat
1080 4248 1180 4291 unum
1208 4236 1317 4292 actum
1343 4229 1593 4320 resumptionis,
1618 4226 1683 4291 hora

275 4343 384 4398 tamen
412 4353 470 4418 per
491 4328 678 4394 facultatem
701 4327 872 4414 deputata,
902 4327 967 4390 nisi
995 4324 1150 4393 absencia
1174 4325 1238 4391 loci
1256 4335 1322 4391 -aut
1349 4326 1525 4394 infirmitas
1552 4325 1683 4393 obstaret

233 4432 384 4500 stchet
403 4439 513 4496 tamen
532 4429 594 4494 hoc
618 4450 696 4493 casu
719 4426 840 4494 habere
867 4447 967 4491 unum
992 4424 1157 4511 ydoneum
1185 4426 1395 4512 magistrum,
1428 4428 1486 4515 qui
1516 4428 1584 4492 eius
1612 4425 1683 4489 vices

276 4529 447 4619 suppleat,
467 4538 519 4594 'ne
540 4528 620 4594 fiant
641 4527 860 4613 negligentiae
880 4524 1012 4604 ibidem.
1063 4525 1147 4590 Item
1171 4524 1291 4590 debent
1319 4525 1460 4613 praefati
1491 4533 1683 4593 conventores

277 4631 449 4718 diligenter
470 4629 635 4715 respicere
666 4625 861 4692 clausuram·
875 4625 988 4690 domus
1010 4624 1225 4712 paedagogii,
1248 4625 1296 4690 sic
1316 4623 1405 4712 quod
1427 4624 1538 4692 debito
1556 4635 1681 4711 tempore

275 4742 342 4798 tam
363 4731 398 4795 in
420 4737 543 4794 aestate
564 4748 663 4812 quam
690 4728 724 4791 in
750 4725 867 4811 hyeme
894 4722 1064 4789 claudatur
1087 4733 1118 4788 ct
1146 4724 1322 4811 aperiatur.
1365 4723 1411 4792 Et
1432 4723 1585 4792 clausura
1603 4724 1680 4799 fara

277 4833 346 4897 sine
369 4828 503 4917 speciali
523 4826 655 4892 licentia
677 4825 901 4906 conventoris,
923 4823 1084 4908 legittima
1105 4843 1221 4889 caussa
1243 4832 1406 4907 cessante,
1426 4824 1527 4893 ἰωιια
1545 4847 1607 4892 non
1625 4841 1678 4887 ree·

233 4932 435 5018 toperiatur.
475 4929 557 4994 Item
578 4923 774 5012 provideant
794 4946 854 5011 per
876 4932 965 4990 certa
987 4930 1107 4988 statuta
1128 4922 1295 5010 poenalia,
1317 4945 1360 4989 ne
1381 4920 1422 4990 de
1449 4922 1505 4992 die
1523 4923 1602 4992 fiant
1619 4919 1677 4987 elio·

322 5155 332 5204 1
354 5147 408 5204 Aa
425 5145 536 5202 aare:
554 5144 712 5202 reatae
724 5141 862 5214 oeream
880 5142 990 5197 asma
1006 5149 1045 5197 aa
1058 5143 1167 5201 ,aaa
1178 5141 1331 5211 faama
1351 5144 1425 5203 isso
