3756 6158
244 469 304 536 582
777 464 827 514 ose
845 461 998 528 jnrausess
1016 462 1144 513 rasuras

239 659 312 715 utro
341 656 509 735 promotus
536 645 657 713 babeat
679 645 839 711 duntaxat
860 643 1031 710 dimidium
1051 652 1203 731 respectu
1222 642 1355 710 alterius
1380 643 1416 708 in
1436 651 1574 731 utroque
1596 642 1662 707 iure

240 749 389 836 promoti.

321 897 404 944 xle
425 880 509 945 Item
531 879 573 944 ad
593 878 790 944 obviandum
813 877 1037 965 displicentiis,
1061 898 1143 966 quae
1164 877 1291 963 possint
1309 877 1394 942 inter
1416 875 1569 942 doctores
1591 877 1661 941 sub·

239 979 334 1060 oriri,
362 978 498 1065 placuit,
521 978 617 1067 quod,
639 979 733 1043 sicuti
755 979 789 1042 in
803 976 1058 1065 promotionibus
1075 975 1334 1041 baccalariorum
1353 975 1557 1058 observatur,
1584 998 1662 1063 quae

199 1087 216 1142 5
244 1076 284 1142 de
306 1079 540 1143 consuetudine
560 1075 737 1142 secuudum
758 1075 904 1142 ordinem
926 1086 958 1141 et
980 1078 1105 1142 senium
1127 1076 1294 1142 doctorum
1313 1083 1544 1162 processerunt
1566 1084 1598 1140 et
1616 1077 1659 1140 in·

239 1175 419 1260 valuerunt,
441 1181 489 1242 ita
508 1187 539 1241 et
564 1179 690 1241 servari
711 1175 807 1241 debet
826 1178 861 1241 in
883 1174 1144 1262 promocionibus
1167 1175 1343 1256 doctorum,
1373 1174 1436 1239 hac
1456 1181 1568 1239 tamen
1588 1173 1662 1260 legs,

240 1275 327 1362 quod
348 1298 369 1340 a
391 1275 572 1341 senioribus
608 1274 795 1341 doctoribus
824 1279 858 1339 in
891 1275 1088 1341 sessionibus
1113 1284 1188 1339 actu
1215 1271 1402 1359 regentibus
1433 1273 1494 1337 fiat
1520 1274 1662 1360 inceptio,

240 1374 404 1459 gradatim
426 1375 469 1440 ad
500 1375 643 1441 iuniores
670 1373 896 1463 procedendo,
936 1375 984 1438 ita
1011 1385 1047 1439 ut
1075 1375 1181 1439 senior
1203 1374 1245 1437 sit
1270 1381 1438 1460 promotor
1466 1372 1662 1460 principalis,

244 1486 357 1559 postea
377 1496 449 1538 eum
473 1475 657 1539 immediate
679 1497 815 1559 sequens
842 1484 1080 1561 compromotor
1109 1473 1279 1538 etiterum
1301 1493 1439 1556 sequens
1462 1471 1662 1537 recomenda·

203 1582 235 1636 10
245 1584 304 1655 tor,
328 1584 360 1639 et
381 1574 428 1638 sic
434 1622 443 1656 ,
475 1573 627 1639 offerente
650 1596 684 1639 se
707 1575 824 1638 iterum
848 1573 1002 1639 facultate
1026 1570 1255 1660 promovendi,
1286 1573 1342 1659 qui
1368 1581 1468 1636 antea
1499 1571 1563 1636 fuit
1582 1594 1661 1636 com·

242 1682 425 1759 promotor,
448 1673 476 1736 si
503 1695 658 1759 praesens
688 1683 720 1737 et
750 1684 825 1738 actu
846 1696 962 1760 regens
984 1673 1092 1755 fuerit,
1117 1673 1159 1736 sit
1181 1693 1241 1758 pro
1260 1680 1337 1735 tunc
1356 1679 1526 1757 promotor
1548 1671 1661 1757 princi·

243 1771 328 1858 palis
351 1783 384 1837 et
406 1770 541 1836 eundem
565 1793 702 1860 sequens
723 1781 961 1859 compromotor
988 1782 1021 1837 et
1039 1773 1159 1835 tercius
1179 1769 1435 1850 recomendator,
1456 1779 1490 1834 et
1511 1771 1560 1835 sic
1581 1768 1661 1834 dein·

241 1893 319 1958 ceps
346 1870 460 1936 ordine
488 1871 579 1936 finito
604 1872 721 1936 iterum
742 1870 805 1958 [lt]
830 1894 851 1936 a
872 1872 999 1936 seniore
1022 1868 1251 1956 reincipiendo,
1293 1869 1366 1934 Non
1397 1867 1559 1951 obstante,
1581 1867 1661 1955 quod

241 1980 316 2057 post
336 1969 521 2035 huiusmodi
547 1970 694 2035 ordinem
715 1969 841 2036 finitum
862 1972 965 2036 etius
988 1971 1107 2034 seniori
1128 1991 1187 2056 per
1208 1969 1467 2054 assignacionem
1487 1970 1664 2055 quaesitum

203 2079 234 2134 15
247 2069 364 2154 aliquis
386 2069 556 2134 doctorum
579 2070 622 2135 ad
642 2069 811 2156 collegium
831 2070 930 2135 fuerit
950 2075 1108 2156 receptus.

331 2220 428 2266 xxur
450 2202 532 2267 Item
553 2201 667 2268 doctor
685 2200 836 2268 novellus
857 2224 922 2267 non
943 2203 986 2265 sit
1007 2199 1047 2264 de
1069 2196 1216 2287 collegio,
1236 2200 1299 2265 nisi
1315 2201 1407 2287 prius
1427 2208 1536 2287 petat,
1563 2222 1596 2264 se
1624 2198 1663 2264 ad

242 2300 410 2386 collegium
442 2302 554 2388 recipi,
576 2301 618 2366 ad
640 2301 726 2388 quod
755 2303 851 2367 etiam
879 2300 1002 2388 absque
1030 2298 1218 2364 difficultate
1245 2310 1277 2364 et
1302 2301 1406 2385 gratis
1433 2321 1493 2386 per
1521 2298 1664 2365 doctores

245 2399 376 2465 admitti
397 2422 437 2464 ac
456 2401 558 2488 recipi
570 2402 588 2466 ¹.

328 2550 422 2597 xxlv.
443 2532 524 2597 Item
546 2533 678 2621 placuit,
708 2533 795 2620 quod
822 2531 1103 2620 praesentationes
1132 2530 1416 2596 licenciandorum.
1437 2529 1617 2618 procedant
1638 2539 1667 2594 et

209 2631 395 2719 20amplius
417 2631 524 2695 locum
544 2632 687 2698 habeant
707 2631 881 2740 secundum
904 2631 1050 2698 ordinem
1072 2630 1239 2697 doctorum
1261 2640 1391 2696 nostrae
1411 2629 1577 2695 facultatis
1598 2640 1667 2693 actu

247 2753 443 2818 ragenerum.

333 2882 415 2929 xxv.
444 2863 526 2929 ltem
558 2862 600 2928 ad
628 2862 825 2929 obviandum
851 2861 1095 2949 quibuscunque
1123 2861 1379 2928 dissensionibus
1407 2864 1492 2928 inter
1522 2862 1666 2928 doctores

242 2963 407 3029 facultatis
429 2972 505 3028 actu
526 2962 711 3028 laborantes
734 2971 765 3026 et
785 2985 851 3026 non
872 2961 1068 3045 laborantes,
1091 2964 1174 3039 inter
1197 2984 1277 3046 quos
1300 2963 1430 3048 saepius
1448 2964 1576 3028 ratione
1597 2984 1664 3048 pro·

244 3063 400 3128 mociouis
423 3062 636 3148 displicencia
657 3070 772 3126 exorta
794 3071 852 3143 est,
878 3083 921 3125 ex
941 3083 1005 3146 qua
1027 3061 1146 3128 bonum
1168 3060 1336 3125 amiciciae
1352 3069 1386 3125 et
1407 3060 1574 3147 publicum
1597 3083 1663 3148 per·

204 3172 236 3226 25
250 3160 408 3242 turbatur,
431 3160 547 3247 placet,
569 3159 656 3247 quod
675 3160 777 3226 solum
799 3159 986 3226 laborantes
1014 3162 1048 3224 in
1074 3162 1144 3243 iure
1166 3159 1373 3225 emolimenta
1395 3182 1416 3224 a
1436 3160 1663 3247 promovendis

245 3272 277 3326 et
297 3259 364 3324 alia
385 3258 598 3344 undecunque
618 3261 849 3346 proveniencia
869 3258 1020 3342 habeant,
1041 3259 1234 3345 eosdemque
1262 3269 1493 3345 promoveant,
1523 3261 1550 3324 si
1579 3259 1662 3344 digni

246 3363 279 3425 in
302 3360 453 3425 examine
473 3359 593 3424 fuerim
614 3361 746 3445 reperti,
766 3360 829 3423 nisi
852 3359 949 3423 fuerit
970 3357 1092 3440 doctor,
1113 3360 1168 3443 qui
1189 3356 1232 3422 ad
1259 3359 1514 3444 quinquennium
1542 3359 1575 3422 in
1601 3381 1661 3422 sco·

249 3459 289 3524 lis
311 3460 496 3523 iuristarum
520 3457 648 3543 publice
669 3457 803 3543 legisset
825 3467 856 3522 et
877 3457 1065 3522 laborasset.
1092 3456 1218 3542 Regula
1237 3478 1378 3540 namque
1400 3456 1662 3545 applicationem²

248 3561 295 3624 sic
317 3558 520 3637 determinat,
542 3555 628 3640 quod
649 3580 714 3623 non
735 3556 921 3622 laborantes
944 3556 1141 3621 manducare
1162 3577 1226 3620 non
1248 3553 1376 3619 debent.

203 3701 237 3757 30
332 3708 424 3754 xxvt
445 3689 525 3754 Item
547 3688 664 3775 placet,
687 3689 774 3776 quod
796 3689 954 3754 sallariati
974 3690 1008 3753 in
1029 3689 1099 3752 iure
1119 3687 1238 3752 debent
1258 3710 1329 3752 esse
1352 3697 1428 3752 actu
1439 3687 1599 3769 doctores,
1610 3709 1660 3751 seu

244 3792 408 3854 incorum
431 3788 589 3853 defectum
611 3789 782 3871 licenciati,
806 3790 853 3853 ita
877 3800 986 3852 tamen
1015 3787 1101 3874 quod
1122 3787 1220 3851 iidem
1242 3788 1328 3851 infra
1349 3797 1489 3875 quatuor
1510 3788 1660 3851 mensium

252 3890 398 3976 spacium
426 3897 500 3974 post
527 3889 780 3974 assumptionem
809 3887 981 3953 eorundem
1008 3887 1051 3952 ad
1078 3884 1214 3972 gradum
1243 3885 1427 3951 doctoratus
1458 3909 1532 3950 cum
1554 3887 1662 3951 effectu

249 3998 505 4075 promoveantur.

332 4138 438 4186 xxvn.
469 4121 550 4185 Item
579 4120 621 4185 ad
649 4119 835 4185 evitandum
858 4120 1095 4208 displicencias,
1118 4143 1201 4208 quae
1223 4118 1415 4207 quandoque
1437 4141 1480 4183 ex
1501 4117 1662 4183 locacione

207 4231 240 4286 35
253 4220 410 4286 ordinarii
432 4228 463 4282 et
486 4243 612 4301 eorum,
644 4222 699 4304 qui
720 4218 796 4284 huic
817 4212 922 4285 officio
955 4221 1046 4306 prius
1068 4219 1293 4306 principaliter
1314 4219 1541 4306 praefuerunt,
1575 4231 1664 4306 atque

249 4319 291 4386 ad
314 4319 570 4384 conservandam
593 4316 657 4406 [15]
682 4319 889 4383 concordiam
910 4319 1075 4384 doctorum
1101 4341 1141 4383 ac
1162 4319 1316 4384 honorem
1335 4317 1422 4383 illius
1446 4318 1545 4382 officii
1567 4320 1600 4382 in
1619 4319 1661 4381 fu·

248 4430 355 4485 turum
377 4418 493 4504 placet,
516 4419 602 4505 quod
623 4417 806 4482 ordinarius
826 4441 887 4505 pro
909 4429 1056 4505 tempore
1084 4419 1226 4482 existens
1253 4418 1393 4503 primum
1421 4416 1528 4481 locum
1551 4416 1663 4481 babeat

252 4522 335 4584 inter
354 4540 464 4583 ornnes
489 4516 638 4582 doctores
659 4517 823 4582 facultatis
845 4516 1012 4598 iuridicae,
1034 4518 1096 4581 nisi
1119 4518 1161 4582 sit
1180 4538 1335 4602 praesens
1356 4514 1481 4598 doctor,
1503 4518 1558 4604 qni
1579 4518 1663 4604 prius

246 4620 321 4684 huic
353 4617 459 4682 officio
490 4616 715 4703 principaliter
742 4616 879 4703 legendo
904 4616 1097 4702 praefuerit,
1136 4615 1187 4679 cui
1217 4614 1400 4681 ordinarius
1421 4637 1483 4701 pro
1504 4615 1664 4682 honestate

207 4729 239 4784 40
253 4718 370 4805 prioris
392 4716 489 4781 officii
512 4715 605 4781 cedat
627 4718 660 4781 in
682 4716 762 4781 loco.

334 4955 345 5004 t
366 4951 403 5004 Es
425 4948 495 5003 fehlt
510 4948 676 5004 mindestens
693 4946 750 5001 ein
767 4946 856 5014 Wort,
874 4945 1098 5001 wahrscbeinlich
1119 4948 1201 5000 dabat

332 5033 451 5089 asollte
469 5031 547 5087 nicht
564 5032 600 5086 im
619 5029 744 5100 Original
762 5031 915 5100 gestanden
932 5030 1022 5086 haben
1040 5030 1216 5101 apostolico!
1249 5031 1313 5102 Vgl.
1340 5050 1364 5087 a.
1391 5032 1424 5086 B.
1451 5033 1526 5088 oben
1550 5032 1578 5088 S.
1598 5036 1662 5097 itt

248 5134 275 5173 u.
293 5135 323 5171 so
342 5117 420 5173 diter.
