<?xml version="1.0" encoding="UTF-8"?>
<!DOCTYPE html PUBLIC "-//W3C//DTD XHTML 1.0 Transitional//EN"
    "http://www.w3.org/TR/xhtml1/DTD/xhtml1-transitional.dtd">
<html xmlns="http://www.w3.org/1999/xhtml" xml:lang="en" lang="en">
 <head>
  <title>
</title>
<meta http-equiv="Content-Type" content="text/html;charset=utf-8" />
  <meta name='ocr-system' content='tesseract 3.04.00' />
  <meta name='ocr-capabilities' content='ocr_page ocr_carea ocr_par ocr_line ocrx_word'/>
</head>
<body>
  <div class='ocr_page' id='page_1' title='image "./diestatutenbche00univgoog_0619.png"; bbox 0 0 3756 6158; ppageno 0'>
   <div class='ocr_carea' id='block_1_1' title="bbox 350 433 1254 502">
    <p class='ocr_par' dir='ltr' id='par_1_1' title="bbox 350 433 1254 502">
     <span class='ocr_line' id='line_1_1' title="bbox 350 433 1254 502; baseline -0.018 0"><span class='ocrx_word' id='word_1_1' title='bbox 350 437 413 502; x_wconf 78' lang='grc'><strong>600</strong></span> <span class='ocrx_word' id='word_1_2' title='bbox 859 433 910 485; x_wconf 86' lang='lat' dir='ltr'><strong>Dia</strong></span> <span class='ocrx_word' id='word_1_3' title='bbox 927 434 1112 485; x_wconf 82' lang='lat' dir='ltr'><strong>mediciniscba</strong></span> <span class='ocrx_word' id='word_1_4' title='bbox 1128 433 1254 486; x_wconf 72' lang='lat' dir='ltr'><strong>Facultflt.</strong></span> 
     </span>
    </p>
   </div>
   <div class='ocr_carea' id='block_1_2' title="bbox 352 614 1768 806">
    <p class='ocr_par' dir='ltr' id='par_1_2' title="bbox 352 614 1768 806">
     <span class='ocr_line' id='line_1_2' title="bbox 352 614 1768 703; baseline -0.001 -20"><span class='ocrx_word' id='word_1_5' title='bbox 352 618 395 683; x_wconf 92' lang='lat' dir='ltr'><strong>tis</strong></span> <span class='ocrx_word' id='word_1_6' title='bbox 416 639 578 682; x_wconf 80' lang='lat' dir='ltr'><strong>resumere</strong></span> <span class='ocrx_word' id='word_1_7' title='bbox 601 615 769 681; x_wconf 78' lang='lat' dir='ltr'>licenciam</span> <span class='ocrx_word' id='word_1_8' title='bbox 811 618 845 681; x_wconf 92' lang='lat' dir='ltr'><strong>in</strong></span> <span class='ocrx_word' id='word_1_9' title='bbox 867 617 932 682; x_wconf 89' lang='lat' dir='ltr'><strong>alia</strong></span> <span class='ocrx_word' id='word_1_10' title='bbox 950 618 1175 700; x_wconf 77' lang='lat' dir='ltr'><strong>universitate,</strong></span> <span class='ocrx_word' id='word_1_11' title='bbox 1198 626 1230 681; x_wconf 92' lang='lat' dir='ltr'><strong>et</strong></span> <span class='ocrx_word' id='word_1_12' title='bbox 1250 614 1337 703; x_wconf 92' lang='lat' dir='ltr'><strong>quod</strong></span> <span class='ocrx_word' id='word_1_13' title='bbox 1357 616 1463 682; x_wconf 87' lang='lat' dir='ltr'><strong>velitis</strong></span> <span class='ocrx_word' id='word_1_14' title='bbox 1495 618 1530 682; x_wconf 94' lang='lat' dir='ltr'><strong>in</strong></span> <span class='ocrx_word' id='word_1_15' title='bbox 1552 618 1618 682; x_wconf 87' lang='lat' dir='ltr'><strong>ista</strong></span> <span class='ocrx_word' id='word_1_16' title='bbox 1642 619 1768 683; x_wconf 87' lang='lat' dir='ltr'><strong>univer·</strong></span> 
     </span>
     <span class='ocr_line' id='line_1_3' title="bbox 352 715 1763 806; baseline 0 -24"><span class='ocrx_word' id='word_1_17' title='bbox 352 718 447 782; x_wconf 87' lang='lat' dir='ltr'><strong>sitate</strong></span> <span class='ocrx_word' id='word_1_18' title='bbox 467 726 498 781; x_wconf 89' lang='lat' dir='ltr'><strong>et</strong></span> <span class='ocrx_word' id='word_1_19' title='bbox 519 739 584 781; x_wconf 88' lang='lat' dir='ltr'><strong>non</strong></span> <span class='ocrx_word' id='word_1_20' title='bbox 605 715 684 780; x_wconf 89' lang='lat' dir='ltr'><strong>alibi</strong></span> <span class='ocrx_word' id='word_1_21' title='bbox 704 718 849 803; x_wconf 89' lang='lat' dir='ltr'><strong>recipere</strong></span> <span class='ocrx_word' id='word_1_22' title='bbox 870 718 1012 804; x_wconf 86' lang='lat' dir='ltr'><strong>insignia</strong></span> <span class='ocrx_word' id='word_1_23' title='bbox 1034 716 1221 799; x_wconf 75' lang='lat' dir='ltr'><strong>doctoralia,</strong></span> <span class='ocrx_word' id='word_1_24' title='bbox 1242 739 1303 781; x_wconf 90' lang='lat' dir='ltr'><strong>nec</strong></span> <span class='ocrx_word' id='word_1_25' title='bbox 1325 739 1421 804; x_wconf 91' lang='lat' dir='ltr'><strong>super</strong></span> <span class='ocrx_word' id='word_1_26' title='bbox 1443 717 1505 804; x_wconf 86' lang='lat' dir='ltr'><strong>hys</strong></span> <span class='ocrx_word' id='word_1_27' title='bbox 1527 717 1569 782; x_wconf 97' lang='lat' dir='ltr'><strong>ab</strong></span> <span class='ocrx_word' id='word_1_28' title='bbox 1592 717 1702 806; x_wconf 87' lang='lat' dir='ltr'><strong>aliquo</strong></span> <span class='ocrx_word' id='word_1_29' title='bbox 1715 741 1763 782; x_wconf 88' lang='lat' dir='ltr'><strong>sn·</strong></span> 
     </span>
    </p>
   </div>
   <div class='ocr_carea' id='block_1_3' title="bbox 351 814 1769 1001">
    <p class='ocr_par' dir='ltr' id='par_1_3' title="bbox 351 814 1769 1001">
     <span class='ocr_line' id='line_1_4' title="bbox 351 814 1769 904; baseline -0.001 -23"><span class='ocrx_word' id='word_1_30' title='bbox 351 817 471 904; x_wconf 90' lang='lat' dir='ltr'><strong>periori</strong></span> <span class='ocrx_word' id='word_1_31' title='bbox 492 825 602 902; x_wconf 89' lang='lat' dir='ltr'><strong>petere</strong></span> <span class='ocrx_word' id='word_1_32' title='bbox 624 814 901 902; x_wconf 89' lang='lat' dir='ltr'><strong>dispensacionem</strong></span> <span class='ocrx_word' id='word_1_33' title='bbox 931 840 988 882; x_wconf 88' lang='lat' dir='ltr'><strong>seu</strong></span> <span class='ocrx_word' id='word_1_34' title='bbox 1014 840 1035 882; x_wconf 93' lang='lat' dir='ltr'><strong>a</strong></span> <span class='ocrx_word' id='word_1_35' title='bbox 1062 818 1243 882; x_wconf 89' lang='lat' dir='ltr'><strong>iuramento</strong></span> <span class='ocrx_word' id='word_1_36' title='bbox 1271 815 1523 882; x_wconf 80' lang='lat' dir='ltr'><strong>absolucionem.</strong></span> <span class='ocrx_word' id='word_1_37' title='bbox 1564 817 1610 883; x_wconf 82' lang='lat' dir='ltr'><strong>Et</strong></span> <span class='ocrx_word' id='word_1_38' title='bbox 1641 817 1769 897; x_wconf 84' lang='lat' dir='ltr'><strong>dicatis:</strong></span> 
     </span>
     <span class='ocr_line' id='line_1_5' title="bbox 353 914 552 1001; baseline -0.005 -21"><span class='ocrx_word' id='word_1_39' title='bbox 353 915 427 1001; x_wconf 84' lang='lat' dir='ltr'><strong>Ego</strong></span> <span class='ocrx_word' id='word_1_40' title='bbox 449 914 552 979; x_wconf 84' lang='lat' dir='ltr'><strong>iur0.“</strong></span> 
     </span>
    </p>
   </div>
   <div class='ocr_carea' id='block_1_4' title="bbox 308 1078 1699 1248">
    <p class='ocr_par' dir='ltr' id='par_1_4' title="bbox 308 1078 1699 1248">
     <span class='ocr_line' id='line_1_6' title="bbox 308 1078 1699 1170; baseline 0 -25"><span class='ocrx_word' id='word_1_41' title='bbox 308 1091 325 1145; x_wconf 83' lang='lat'>5</span> <span class='ocrx_word' id='word_1_42' title='bbox 422 1087 470 1149; x_wconf 86' lang='lat'><strong>30.</strong></span> <span class='ocrx_word' id='word_1_43' title='bbox 498 1097 694 1147; x_wconf 79' lang='lat' dir='ltr'><strong>raomesun</strong></span> <span class='ocrx_word' id='word_1_44' title='bbox 717 1098 825 1147; x_wconf 78' lang='lat' dir='ltr'><strong>suana</strong></span> <span class='ocrx_word' id='word_1_45' title='bbox 852 1099 1011 1148; x_wconf 78' lang='lat' dir='ltr'><strong>merosus</strong></span> <span class='ocrx_word' id='word_1_46' title='bbox 1035 1078 1387 1170; x_wconf 77' lang='lat' dir='ltr'><strong>[8⁸]uocromn1aus</strong></span> <span class='ocrx_word' id='word_1_47' title='bbox 1411 1098 1631 1146; x_wconf 81' lang='lat' dir='ltr'><strong>nucmrnums</strong></span> <span class='ocrx_word' id='word_1_48' title='bbox 1653 1099 1699 1145; x_wconf 85' lang='lat' dir='ltr'><strong>nr</strong></span> 
     </span>
     <span class='ocr_line' id='line_1_7' title="bbox 790 1197 1333 1248; baseline -0.006 -1"><span class='ocrx_word' id='word_1_49' title='bbox 790 1198 1113 1248; x_wconf 77' lang='lat' dir='ltr'><strong>sonnmmrarmns</strong></span> <span class='ocrx_word' id='word_1_50' title='bbox 1133 1197 1333 1246; x_wconf 75' lang='lat' dir='ltr'><strong>suavsnms.</strong></span> 
     </span>
    </p>
   </div>
   <div class='ocr_carea' id='block_1_5' title="bbox 313 1329 1770 1817">
    <p class='ocr_par' dir='ltr' id='par_1_5' title="bbox 351 1329 1769 1617">
     <span class='ocr_line' id='line_1_8' title="bbox 436 1329 1769 1420; baseline 0.001 -25"><span class='ocrx_word' id='word_1_51' title='bbox 436 1329 582 1412; x_wconf 77' lang='lat' dir='ltr'>Quilibet</span> <span class='ocrx_word' id='word_1_52' title='bbox 602 1329 790 1396; x_wconf 87' lang='lat' dir='ltr'><strong>licenciatus</strong></span> <span class='ocrx_word' id='word_1_53' title='bbox 813 1332 1002 1414; x_wconf 82' lang='lat' dir='ltr'><strong>medicinae,</strong></span> <span class='ocrx_word' id='word_1_54' title='bbox 1025 1340 1138 1420; x_wconf 88' lang='lat' dir='ltr'><strong>petens</strong></span> <span class='ocrx_word' id='word_1_55' title='bbox 1158 1332 1301 1417; x_wconf 84' lang='lat' dir='ltr'><strong>insignia</strong></span> <span class='ocrx_word' id='word_1_56' title='bbox 1322 1329 1510 1408; x_wconf 88' lang='lat' dir='ltr'><strong>doctoralia,</strong></span> <span class='ocrx_word' id='word_1_57' title='bbox 1533 1329 1631 1396; x_wconf 90' lang='lat' dir='ltr'><strong>debet</strong></span> <span class='ocrx_word' id='word_1_58' title='bbox 1651 1329 1769 1396; x_wconf 87' lang='lat' dir='ltr'><strong>decano</strong></span> 
     </span>
     <span class='ocr_line' id='line_1_9' title="bbox 351 1429 1769 1520; baseline 0 -25"><span class='ocrx_word' id='word_1_59' title='bbox 351 1439 383 1496; x_wconf 88' lang='lat' dir='ltr'><strong>et</strong></span> <span class='ocrx_word' id='word_1_60' title='bbox 404 1429 590 1496; x_wconf 89' lang='lat' dir='ltr'><strong>doctoribus</strong></span> <span class='ocrx_word' id='word_1_61' title='bbox 614 1429 654 1494; x_wconf 91' lang='lat' dir='ltr'><strong>de</strong></span> <span class='ocrx_word' id='word_1_62' title='bbox 675 1431 809 1496; x_wconf 90' lang='lat' dir='ltr'><strong>consilio</strong></span> <span class='ocrx_word' id='word_1_63' title='bbox 828 1431 992 1497; x_wconf 71' lang='lat' dir='ltr'><strong>facultatis</strong></span> <span class='ocrx_word' id='word_1_64' title='bbox 1012 1433 1209 1520; x_wconf 85' lang='lat' dir='ltr'><strong>promittere,</strong></span> <span class='ocrx_word' id='word_1_65' title='bbox 1232 1429 1318 1519; x_wconf 90' lang='lat' dir='ltr'><strong>quod</strong></span> <span class='ocrx_word' id='word_1_66' title='bbox 1339 1441 1485 1518; x_wconf 86' lang='lat' dir='ltr'><strong>tempore</strong></span> <span class='ocrx_word' id='word_1_67' title='bbox 1504 1430 1685 1517; x_wconf 88' lang='lat' dir='ltr'><strong>recipiendi</strong></span> <span class='ocrx_word' id='word_1_68' title='bbox 1699 1430 1769 1518; x_wconf 79' lang='lat' dir='ltr'><strong>byr-</strong></span> 
     </span>
     <span class='ocr_line' id='line_1_10' title="bbox 352 1528 1765 1617; baseline -0.001 -21"><span class='ocrx_word' id='word_1_69' title='bbox 352 1539 456 1596; x_wconf 88' lang='lat' dir='ltr'><strong>retum</strong></span> <span class='ocrx_word' id='word_1_70' title='bbox 478 1539 510 1594; x_wconf 92' lang='lat' dir='ltr'><strong>et</strong></span> <span class='ocrx_word' id='word_1_71' title='bbox 531 1528 596 1594; x_wconf 89' lang='lat' dir='ltr'><strong>alia</strong></span> <span class='ocrx_word' id='word_1_72' title='bbox 616 1530 758 1615; x_wconf 86' lang='lat' dir='ltr'><strong>insignia</strong></span> <span class='ocrx_word' id='word_1_73' title='bbox 781 1530 960 1596; x_wconf 86' lang='lat' dir='ltr'><strong>doctoralia</strong></span> <span class='ocrx_word' id='word_1_74' title='bbox 980 1531 1059 1597; x_wconf 88' lang='lat' dir='ltr'><strong>velit</strong></span> <span class='ocrx_word' id='word_1_75' title='bbox 1078 1530 1322 1617; x_wconf 88' lang='lat' dir='ltr'><strong>solempnitates</strong></span> <span class='ocrx_word' id='word_1_76' title='bbox 1344 1529 1439 1595; x_wconf 89' lang='lat' dir='ltr'><strong>aulae</strong></span> <span class='ocrx_word' id='word_1_77' title='bbox 1460 1553 1521 1595; x_wconf 92' lang='lat' dir='ltr'><strong>nec</strong></span> <span class='ocrx_word' id='word_1_78' title='bbox 1542 1552 1608 1595; x_wconf 94' lang='lat' dir='ltr'><strong>non</strong></span> <span class='ocrx_word' id='word_1_79' title='bbox 1630 1530 1765 1595; x_wconf 86' lang='lat' dir='ltr'><strong>aliorum</strong></span> 
     </span>
    </p>

    <p class='ocr_par' dir='ltr' id='par_1_6' title="bbox 313 1626 1770 1817">
     <span class='ocr_line' id='line_1_11' title="bbox 313 1626 1770 1711; baseline -0.001 -15"><span class='ocrx_word' id='word_1_80' title='bbox 313 1640 344 1696; x_wconf 83' lang='lat'><strong>10</strong></span> <span class='ocrx_word' id='word_1_81' title='bbox 355 1637 482 1696; x_wconf 92' lang='lat' dir='ltr'><strong>actuum</strong></span> <span class='ocrx_word' id='word_1_82' title='bbox 505 1629 593 1693; x_wconf 90' lang='lat' dir='ltr'><strong>circa</strong></span> <span class='ocrx_word' id='word_1_83' title='bbox 614 1628 754 1711; x_wconf 89' lang='lat' dir='ltr'><strong>easdem,</strong></span> <span class='ocrx_word' id='word_1_84' title='bbox 777 1630 872 1694; x_wconf 88' lang='lat' dir='ltr'><strong>sicuti</strong></span> <span class='ocrx_word' id='word_1_85' title='bbox 893 1630 1056 1696; x_wconf 89' lang='lat' dir='ltr'><strong>videbitur</strong></span> <span class='ocrx_word' id='word_1_86' title='bbox 1077 1626 1265 1695; x_wconf 81' lang='lat' dir='ltr'><strong>doctoribus</strong></span> <span class='ocrx_word' id='word_1_87' title='bbox 1293 1627 1333 1692; x_wconf 95' lang='lat' dir='ltr'><strong>de</strong></span> <span class='ocrx_word' id='word_1_88' title='bbox 1365 1628 1498 1694; x_wconf 83' lang='lat' dir='ltr'><strong>consilio</strong></span> <span class='ocrx_word' id='word_1_89' title='bbox 1525 1628 1691 1694; x_wconf 84' lang='lat' dir='ltr'><strong>facultatis</strong></span> <span class='ocrx_word' id='word_1_90' title='bbox 1711 1653 1770 1694; x_wconf 89' lang='lat' dir='ltr'><strong>me-</strong></span> 
     </span>
     <span class='ocr_line' id='line_1_12' title="bbox 356 1727 937 1817; baseline 0 -23"><span class='ocrx_word' id='word_1_91' title='bbox 356 1729 483 1794; x_wconf 92' lang='lat' dir='ltr'><strong>dicinae</strong></span> <span class='ocrx_word' id='word_1_92' title='bbox 505 1740 537 1793; x_wconf 86' lang='lat' dir='ltr'><strong>et</strong></span> <span class='ocrx_word' id='word_1_93' title='bbox 557 1751 623 1793; x_wconf 91' lang='lat' dir='ltr'><strong>non</strong></span> <span class='ocrx_word' id='word_1_94' title='bbox 645 1727 749 1810; x_wconf 90' lang='lat' dir='ltr'><strong>aliter,</strong></span> <span class='ocrx_word' id='word_1_95' title='bbox 771 1727 937 1817; x_wconf 85' lang='lat' dir='ltr'><strong>expedire.</strong></span> 
     </span>
    </p>
   </div>
   <div class='ocr_carea' id='block_1_6' title="bbox 434 1901 1695 2060">
    <p class='ocr_par' dir='ltr' id='par_1_7' title="bbox 434 1901 1695 2060">
     <span class='ocr_line' id='line_1_13' title="bbox 434 1901 1695 1973; baseline -0.002 -10"><span class='ocrx_word' id='word_1_96' title='bbox 434 1901 483 1963; x_wconf 87' lang='grc'><strong>31.</strong></span> <span class='ocrx_word' id='word_1_97' title='bbox 512 1913 572 1973; x_wconf 77' lang='lat' dir='ltr'><strong>Qu1</strong></span> <span class='ocrx_word' id='word_1_98' title='bbox 592 1913 638 1959; x_wconf 84' lang='lat' dir='ltr'><strong>nr</strong></span> <span class='ocrx_word' id='word_1_99' title='bbox 661 1910 756 1972; x_wconf 81' lang='lat' dir='ltr'><strong>onor</strong></span> <span class='ocrx_word' id='word_1_100' title='bbox 777 1912 941 1960; x_wconf 77' lang='lat' dir='ltr'><strong>nunanur</strong></span> <span class='ocrx_word' id='word_1_101' title='bbox 962 1911 1044 1959; x_wconf 81' lang='lat' dir='ltr'><strong>assa</strong></span> <span class='ocrx_word' id='word_1_102' title='bbox 1067 1910 1301 1960; x_wconf 79' lang='lat' dir='ltr'><strong>raonoronus</strong></span> <span class='ocrx_word' id='word_1_103' title='bbox 1320 1910 1638 1961; x_wconf 77' lang='lat' dir='ltr'><strong>uocronannonun</strong></span> <span class='ocrx_word' id='word_1_104' title='bbox 1658 1912 1695 1960; x_wconf 79' lang='lat' dir='ltr'><strong>nr</strong></span> 
     </span>
     <span class='ocr_line' id='line_1_14' title="bbox 592 2009 1528 2060; baseline -0.001 -1"><span class='ocrx_word' id='word_1_105' title='bbox 592 2011 769 2060; x_wconf 83' lang='lat' dir='ltr'><strong>namcnus</strong></span> <span class='ocrx_word' id='word_1_106' title='bbox 796 2012 841 2058; x_wconf 82' lang='lat' dir='ltr'><strong>nr</strong></span> <span class='ocrx_word' id='word_1_107' title='bbox 864 2011 1026 2059; x_wconf 78' lang='lat' dir='ltr'><strong>ramnus</strong></span> <span class='ocrx_word' id='word_1_108' title='bbox 1047 2010 1101 2058; x_wconf 82' lang='lat' dir='ltr'><strong>ms</strong></span> <span class='ocrx_word' id='word_1_109' title='bbox 1122 2009 1273 2059; x_wconf 80' lang='lat' dir='ltr'><strong>msmrua</strong></span> <span class='ocrx_word' id='word_1_110' title='bbox 1293 2010 1528 2059; x_wconf 78' lang='lat' dir='ltr'><strong>nocronanm.</strong></span> 
     </span>
    </p>
   </div>
   <div class='ocr_carea' id='block_1_7' title="bbox 312 2141 1772 2631">
    <p class='ocr_par' dir='ltr' id='par_1_8' title="bbox 434 2141 1769 2231">
     <span class='ocr_line' id='line_1_15' title="bbox 434 2141 1769 2231; baseline -0.001 -21"><span class='ocrx_word' id='word_1_111' title='bbox 434 2145 587 2210; x_wconf 89' lang='lat' dir='ltr'><strong>Decanus</strong></span> <span class='ocrx_word' id='word_1_112' title='bbox 608 2145 770 2210; x_wconf 87' lang='lat' dir='ltr'><strong>facultatis</strong></span> <span class='ocrx_word' id='word_1_113' title='bbox 793 2145 1046 2230; x_wconf 90' lang='lat' dir='ltr'><strong>omnitempore</strong></span> <span class='ocrx_word' id='word_1_114' title='bbox 1069 2150 1118 2206; x_wconf 90' lang='lat' dir='ltr'><strong>est</strong></span> <span class='ocrx_word' id='word_1_115' title='bbox 1139 2141 1329 2228; x_wconf 88' lang='lat' dir='ltr'><strong>principalis</strong></span> <span class='ocrx_word' id='word_1_116' title='bbox 1357 2152 1523 2229; x_wconf 89' lang='lat' dir='ltr'><strong>promotor</strong></span> <span class='ocrx_word' id='word_1_117' title='bbox 1552 2144 1769 2231; x_wconf 84' lang='lat' dir='ltr'><strong>cuiuscunque</strong></span> 
     </span>
    </p>

    <p class='ocr_par' dir='ltr' id='par_1_9' title="bbox 312 2240 1772 2631">
     <span class='ocr_line' id='line_1_16' title="bbox 312 2240 1769 2330; baseline -0.001 -21"><span class='ocrx_word' id='word_1_118' title='bbox 312 2253 342 2309; x_wconf 80' lang='lat'><strong>15</strong></span> <span class='ocrx_word' id='word_1_119' title='bbox 354 2243 544 2310; x_wconf 88' lang='lat' dir='ltr'><strong>doctorandi</strong></span> <span class='ocrx_word' id='word_1_120' title='bbox 574 2247 607 2309; x_wconf 91' lang='lat' dir='ltr'><strong>in</strong></span> <span class='ocrx_word' id='word_1_121' title='bbox 637 2245 813 2325; x_wconf 88' lang='lat' dir='ltr'><strong>medicina,</strong></span> <span class='ocrx_word' id='word_1_122' title='bbox 857 2250 1095 2330; x_wconf 89' lang='lat' dir='ltr'><strong>compromotor</strong></span> <span class='ocrx_word' id='word_1_123' title='bbox 1121 2262 1199 2306; x_wconf 88' lang='lat' dir='ltr'><strong>vero</strong></span> <span class='ocrx_word' id='word_1_124' title='bbox 1230 2240 1347 2327; x_wconf 88' lang='lat' dir='ltr'><strong>aliquis</strong></span> <span class='ocrx_word' id='word_1_125' title='bbox 1373 2240 1539 2307; x_wconf 87' lang='lat' dir='ltr'><strong>doctorum</strong></span> <span class='ocrx_word' id='word_1_126' title='bbox 1571 2242 1612 2306; x_wconf 93' lang='lat' dir='ltr'><strong>de</strong></span> <span class='ocrx_word' id='word_1_127' title='bbox 1634 2242 1769 2309; x_wconf 83' lang='lat' dir='ltr'><strong>coneilio</strong></span> 
     </span>
     <span class='ocr_line' id='line_1_17' title="bbox 350 2340 1772 2429; baseline 0.001 -22"><span class='ocrx_word' id='word_1_128' title='bbox 350 2343 511 2407; x_wconf 87' lang='lat' dir='ltr'><strong>facultatis</strong></span> <span class='ocrx_word' id='word_1_129' title='bbox 530 2345 622 2408; x_wconf 86' lang='lat' dir='ltr'><strong>iuxta</strong></span> <span class='ocrx_word' id='word_1_130' title='bbox 641 2344 787 2411; x_wconf 89' lang='lat' dir='ltr'><strong>ordinem</strong></span> <span class='ocrx_word' id='word_1_131' title='bbox 809 2345 900 2426; x_wconf 84' lang='lat' dir='ltr'><strong>senii,</strong></span> <span class='ocrx_word' id='word_1_132' title='bbox 922 2340 1107 2429; x_wconf 90' lang='lat' dir='ltr'><strong>incipiendo</strong></span> <span class='ocrx_word' id='word_1_133' title='bbox 1129 2364 1150 2404; x_wconf 88' lang='lat' dir='ltr'><strong>a</strong></span> <span class='ocrx_word' id='word_1_134' title='bbox 1172 2341 1277 2427; x_wconf 90' lang='lat' dir='ltr'><strong>primo</strong></span> <span class='ocrx_word' id='word_1_135' title='bbox 1301 2342 1427 2405; x_wconf 85' lang='lat' dir='ltr'><strong>seniore</strong></span> <span class='ocrx_word' id='word_1_136' title='bbox 1456 2351 1532 2429; x_wconf 89' lang='lat' dir='ltr'><strong>post</strong></span> <span class='ocrx_word' id='word_1_137' title='bbox 1559 2342 1720 2408; x_wconf 89' lang='lat' dir='ltr'><strong>decanum</strong></span> <span class='ocrx_word' id='word_1_138' title='bbox 1742 2353 1772 2407; x_wconf 89' lang='lat' dir='ltr'><strong>et</strong></span> 
     </span>
     <span class='ocr_line' id='line_1_18' title="bbox 350 2439 1764 2529; baseline -0.001 -22"><span class='ocrx_word' id='word_1_139' title='bbox 350 2444 398 2507; x_wconf 90' lang='lat' dir='ltr'><strong>sic</strong></span> <span class='ocrx_word' id='word_1_140' title='bbox 419 2441 571 2529; x_wconf 86' lang='lat' dir='ltr'><strong>deinceps</strong></span> <span class='ocrx_word' id='word_1_141' title='bbox 594 2443 637 2507; x_wconf 90' lang='lat' dir='ltr'><strong>ad</strong></span> <span class='ocrx_word' id='word_1_142' title='bbox 657 2444 814 2510; x_wconf 89' lang='lat' dir='ltr'><strong>iuniorem</strong></span> <span class='ocrx_word' id='word_1_143' title='bbox 836 2440 1051 2523; x_wconf 86' lang='lat' dir='ltr'><strong>deveniendo,</strong></span> <span class='ocrx_word' id='word_1_144' title='bbox 1084 2449 1198 2526; x_wconf 87' lang='lat' dir='ltr'><strong>postca</strong></span> <span class='ocrx_word' id='word_1_145' title='bbox 1225 2439 1266 2504; x_wconf 91' lang='lat' dir='ltr'><strong>de</strong></span> <span class='ocrx_word' id='word_1_146' title='bbox 1295 2461 1378 2505; x_wconf 88' lang='lat' dir='ltr'><strong>novo</strong></span> <span class='ocrx_word' id='word_1_147' title='bbox 1401 2441 1544 2506; x_wconf 81' lang='lat' dir='ltr'><strong>vicissim</strong></span> <span class='ocrx_word' id='word_1_148' title='bbox 1567 2442 1764 2529; x_wconf 90' lang='lat' dir='ltr'><strong>incipiendo.</strong></span> 
     </span>
     <span class='ocr_line' id='line_1_19' title="bbox 352 2539 1770 2631; baseline 0 -25"><span class='ocrx_word' id='word_1_149' title='bbox 352 2542 536 2607; x_wconf 88' lang='lat' dir='ltr'><strong>Promotori</strong></span> <span class='ocrx_word' id='word_1_150' title='bbox 557 2552 664 2607; x_wconf 89' lang='lat' dir='ltr'><strong>autem</strong></span> <span class='ocrx_word' id='word_1_151' title='bbox 685 2542 859 2631; x_wconf 90' lang='lat' dir='ltr'><strong>principali</strong></span> <span class='ocrx_word' id='word_1_152' title='bbox 881 2541 1049 2607; x_wconf 89' lang='lat' dir='ltr'><strong>duodecim</strong></span> <span class='ocrx_word' id='word_1_153' title='bbox 1069 2539 1208 2605; x_wconf 87' lang='lat' dir='ltr'><strong>florenos</strong></span> <span class='ocrx_word' id='word_1_154' title='bbox 1235 2550 1267 2604; x_wconf 88' lang='lat' dir='ltr'><strong>et</strong></span> <span class='ocrx_word' id='word_1_155' title='bbox 1294 2541 1543 2626; x_wconf 86' lang='lat' dir='ltr'><strong>compromotori</strong></span> <span class='ocrx_word' id='word_1_156' title='bbox 1565 2563 1623 2605; x_wconf 82' lang='lat' dir='ltr'><strong>aex</strong></span> <span class='ocrx_word' id='word_1_157' title='bbox 1646 2541 1677 2608; x_wconf 92' lang='lat' dir='ltr'><strong>fl.</strong></span> <span class='ocrx_word' id='word_1_158' title='bbox 1710 2564 1770 2628; x_wconf 93' lang='lat' dir='ltr'><strong>pro</strong></span> 
     </span>
    </p>
   </div>
   <div class='ocr_carea' id='block_1_8' title="bbox 308 2638 1771 3027">
    <p class='ocr_par' dir='ltr' id='par_1_10' title="bbox 308 2638 1771 3027">
     <span class='ocr_line' id='line_1_20' title="bbox 351 2638 1769 2726; baseline -0.001 -20"><span class='ocrx_word' id='word_1_159' title='bbox 351 2640 463 2706; x_wconf 87' lang='lat' dir='ltr'><strong>labore</strong></span> <span class='ocrx_word' id='word_1_160' title='bbox 486 2639 614 2706; x_wconf 87' lang='lat' dir='ltr'><strong>habit0¹</strong></span> <span class='ocrx_word' id='word_1_161' title='bbox 637 2652 667 2706; x_wconf 89' lang='lat' dir='ltr'><strong>et</strong></span> <span class='ocrx_word' id='word_1_162' title='bbox 691 2642 809 2708; x_wconf 88' lang='lat' dir='ltr'><strong>solacio</strong></span> <span class='ocrx_word' id='word_1_163' title='bbox 832 2641 960 2706; x_wconf 80' lang='lat' dir='ltr'><strong>eorum²</strong></span> <span class='ocrx_word' id='word_1_164' title='bbox 979 2638 1124 2706; x_wconf 86' lang='lat' dir='ltr'><strong>novellus</strong></span> <span class='ocrx_word' id='word_1_165' title='bbox 1147 2638 1259 2705; x_wconf 88' lang='lat' dir='ltr'><strong>doctor</strong></span> <span class='ocrx_word' id='word_1_166' title='bbox 1281 2639 1408 2704; x_wconf 90' lang='lat' dir='ltr'><strong>solvere</strong></span> <span class='ocrx_word' id='word_1_167' title='bbox 1430 2639 1526 2704; x_wconf 89' lang='lat' dir='ltr'><strong>debet</strong></span> <span class='ocrx_word' id='word_1_168' title='bbox 1555 2662 1628 2705; x_wconf 88' lang='lat' dir='ltr'><strong>esse</strong></span> <span class='ocrx_word' id='word_1_169' title='bbox 1649 2639 1769 2726; x_wconf 84' lang='lat' dir='ltr'><strong>obliga·</strong></span> 
     </span>
     <span class='ocr_line' id='line_1_21' title="bbox 308 2737 1771 2826; baseline -0.001 -21"><span class='ocrx_word' id='word_1_170' title='bbox 308 2748 413 2822; x_wconf 68' lang='lat' dir='ltr'><strong>totus,</strong></span> <span class='ocrx_word' id='word_1_171' title='bbox 435 2749 466 2805; x_wconf 90' lang='lat' dir='ltr'><strong>et</strong></span> <span class='ocrx_word' id='word_1_172' title='bbox 487 2750 660 2826; x_wconf 89' lang='lat' dir='ltr'><strong>antequam</strong></span> <span class='ocrx_word' id='word_1_173' title='bbox 680 2741 742 2807; x_wconf 90' lang='lat' dir='ltr'><strong>hoc</strong></span> <span class='ocrx_word' id='word_1_174' title='bbox 761 2742 874 2806; x_wconf 88' lang='lat' dir='ltr'><strong>fecerit</strong></span> <span class='ocrx_word' id='word_1_175' title='bbox 893 2748 950 2806; x_wconf 92' lang='lat' dir='ltr'><strong>aut</strong></span> <span class='ocrx_word' id='word_1_176' title='bbox 971 2762 1081 2805; x_wconf 91' lang='lat' dir='ltr'><strong>eorum</strong></span> <span class='ocrx_word' id='word_1_177' title='bbox 1104 2737 1303 2804; x_wconf 84' lang='lat' dir='ltr'><strong>voluntatem</strong></span> <span class='ocrx_word' id='word_1_178' title='bbox 1322 2738 1417 2826; x_wconf 91' lang='lat' dir='ltr'><strong>plene</strong></span> <span class='ocrx_word' id='word_1_179' title='bbox 1436 2762 1501 2804; x_wconf 94' lang='lat' dir='ltr'><strong>non</strong></span> <span class='ocrx_word' id='word_1_180' title='bbox 1523 2737 1710 2822; x_wconf 86' lang='lat' dir='ltr'><strong>obtinuerit,</strong></span> <span class='ocrx_word' id='word_1_181' title='bbox 1732 2739 1771 2804; x_wconf 84' lang='lat' dir='ltr'><strong>ad</strong></span> 
     </span>
     <span class='ocr_line' id='line_1_22' title="bbox 349 2838 1768 2925; baseline 0 -22"><span class='ocrx_word' id='word_1_182' title='bbox 349 2839 518 2905; x_wconf 90' lang='lat' dir='ltr'><strong>consilium</strong></span> <span class='ocrx_word' id='word_1_183' title='bbox 541 2839 703 2905; x_wconf 87' lang='lat' dir='ltr'><strong>facultatis</strong></span> <span class='ocrx_word' id='word_1_184' title='bbox 717 2840 862 2905; x_wconf 88' lang='lat' dir='ltr'><strong>medicae</strong></span> <span class='ocrx_word' id='word_1_185' title='bbox 884 2845 928 2914; x_wconf 91' lang='lat' dir='ltr'><strong>(et</strong></span> <span class='ocrx_word' id='word_1_186' title='bbox 949 2839 991 2904; x_wconf 92' lang='lat' dir='ltr'><strong>ad</strong></span> <span class='ocrx_word' id='word_1_187' title='bbox 1012 2861 1103 2904; x_wconf 88' lang='lat' dir='ltr'><strong>suam</strong></span> <span class='ocrx_word' id='word_1_188' title='bbox 1125 2840 1360 2925; x_wconf 89' lang='lat' dir='ltr'><strong>promotionem</strong></span> <span class='ocrx_word' id='word_1_189' title='bbox 1380 2840 1476 2916; x_wconf 65' lang='lat' dir='ltr'><strong>nonl)</strong></span> <span class='ocrx_word' id='word_1_190' title='bbox 1499 2838 1700 2904; x_wconf 88' lang='lat' dir='ltr'><strong>admittatur.</strong></span> <span class='ocrx_word' id='word_1_191' title='bbox 1734 2838 1768 2904; x_wconf 91' lang='lat' dir='ltr'><strong>Si</strong></span> 
     </span>
     <span class='ocr_line' id='line_1_23' title="bbox 350 2937 1769 3027; baseline -0.001 -24"><span class='ocrx_word' id='word_1_192' title='bbox 350 2961 428 3004; x_wconf 89' lang='lat' dir='ltr'><strong>vero</strong></span> <span class='ocrx_word' id='word_1_193' title='bbox 449 2939 558 3027; x_wconf 90' lang='lat' dir='ltr'><strong>plures</strong></span> <span class='ocrx_word' id='word_1_194' title='bbox 579 2938 770 3005; x_wconf 89' lang='lat' dir='ltr'><strong>doctorandi</strong></span> <span class='ocrx_word' id='word_1_195' title='bbox 790 2941 910 3006; x_wconf 88' lang='lat' dir='ltr'><strong>fuerint</strong></span> <span class='ocrx_word' id='word_1_196' title='bbox 932 2938 1044 3005; x_wconf 90' lang='lat' dir='ltr'><strong>eodem</strong></span> <span class='ocrx_word' id='word_1_197' title='bbox 1066 2949 1221 3024; x_wconf 91' lang='lat' dir='ltr'><strong>tempore,</strong></span> <span class='ocrx_word' id='word_1_198' title='bbox 1245 2937 1388 3003; x_wconf 88' lang='lat' dir='ltr'><strong>decanus</strong></span> <span class='ocrx_word' id='word_1_199' title='bbox 1410 2948 1577 3025; x_wconf 90' lang='lat' dir='ltr'><strong>promotor</strong></span> <span class='ocrx_word' id='word_1_200' title='bbox 1602 2941 1665 3004; x_wconf 91' lang='lat' dir='ltr'><strong>erit</strong></span> <span class='ocrx_word' id='word_1_201' title='bbox 1686 2939 1769 3027; x_wconf 88' lang='lat' dir='ltr'><strong>prin-</strong></span> 
     </span>
    </p>
   </div>
   <div class='ocr_carea' id='block_1_9' title="bbox 235 3036 1770 3700">
    <p class='ocr_par' dir='ltr' id='par_1_11' title="bbox 351 3036 1770 3127">
     <span class='ocr_line' id='line_1_24' title="bbox 351 3036 1770 3127; baseline -0.002 -23"><span class='ocrx_word' id='word_1_202' title='bbox 351 3037 465 3127; x_wconf 88' lang='lat' dir='ltr'><strong>cipalis</strong></span> <span class='ocrx_word' id='word_1_203' title='bbox 488 3061 550 3125; x_wconf 89' lang='lat' dir='ltr'><strong>quo</strong></span> <span class='ocrx_word' id='word_1_204' title='bbox 572 3038 615 3102; x_wconf 91' lang='lat' dir='ltr'><strong>ad</strong></span> <span class='ocrx_word' id='word_1_205' title='bbox 637 3039 781 3124; x_wconf 83' lang='lat' dir='ltr'><strong>singulos</strong></span> <span class='ocrx_word' id='word_1_206' title='bbox 803 3048 836 3104; x_wconf 89' lang='lat' dir='ltr'><strong>et</strong></span> <span class='ocrx_word' id='word_1_207' title='bbox 858 3061 878 3103; x_wconf 98' lang='lat' dir='ltr'><strong>a</strong></span> <span class='ocrx_word' id='word_1_208' title='bbox 898 3037 1041 3123; x_wconf 84' lang='lat' dir='ltr'><strong>quolibet</strong></span> <span class='ocrx_word' id='word_1_209' title='bbox 1063 3038 1206 3124; x_wconf 83' lang='lat' dir='ltr'><strong>ipsorum</strong></span> <span class='ocrx_word' id='word_1_210' title='bbox 1229 3036 1364 3102; x_wconf 87' lang='lat' dir='ltr'><strong>habebit</strong></span> <span class='ocrx_word' id='word_1_211' title='bbox 1393 3036 1564 3102; x_wconf 89' lang='lat' dir='ltr'><strong>duodecim</strong></span> <span class='ocrx_word' id='word_1_212' title='bbox 1595 3037 1647 3120; x_wconf 87' lang='lat' dir='ltr'><strong>fl.;</strong></span> <span class='ocrx_word' id='word_1_213' title='bbox 1689 3059 1770 3103; x_wconf 91' lang='lat' dir='ltr'><strong>com-</strong></span> 
     </span>
    </p>

    <p class='ocr_par' dir='ltr' id='par_1_12' title="bbox 309 3135 1768 3324">
     <span class='ocr_line' id='line_1_25' title="bbox 349 3135 1768 3226; baseline -0.002 -23"><span class='ocrx_word' id='word_1_214' title='bbox 349 3147 514 3226; x_wconf 89' lang='lat' dir='ltr'><strong>promotor</strong></span> <span class='ocrx_word' id='word_1_215' title='bbox 536 3147 653 3221; x_wconf 89' lang='lat' dir='ltr'><strong>autem,</strong></span> <span class='ocrx_word' id='word_1_216' title='bbox 679 3140 734 3226; x_wconf 89' lang='lat' dir='ltr'><strong>qui</strong></span> <span class='ocrx_word' id='word_1_217' title='bbox 754 3140 867 3203; x_wconf 85' lang='lat' dir='ltr'><strong>unicus</strong></span> <span class='ocrx_word' id='word_1_218' title='bbox 890 3158 960 3201; x_wconf 89' lang='lat' dir='ltr'><strong>esse</strong></span> <span class='ocrx_word' id='word_1_219' title='bbox 982 3135 1089 3217; x_wconf 90' lang='lat' dir='ltr'><strong>debet,</strong></span> <span class='ocrx_word' id='word_1_220' title='bbox 1110 3136 1246 3221; x_wconf 90' lang='lat' dir='ltr'><strong>recipiet</strong></span> <span class='ocrx_word' id='word_1_221' title='bbox 1266 3135 1413 3201; x_wconf 88' lang='lat' dir='ltr'><strong>similiter</strong></span> <span class='ocrx_word' id='word_1_222' title='bbox 1435 3136 1477 3201; x_wconf 91' lang='lat' dir='ltr'><strong>ab</strong></span> <span class='ocrx_word' id='word_1_223' title='bbox 1494 3159 1692 3225; x_wconf 90' lang='lat' dir='ltr'><strong>unoquoque</strong></span> <span class='ocrx_word' id='word_1_224' title='bbox 1713 3159 1768 3201; x_wconf 86' lang='lat' dir='ltr'><strong>sex</strong></span> 
     </span>
     <span class='ocr_line' id='line_1_26' title="bbox 309 3233 1767 3324; baseline -0.001 -23"><span class='ocrx_word' id='word_1_225' title='bbox 309 3236 399 3320; x_wconf 78' lang='lat' dir='ltr'><strong>25fl.;</strong></span> <span class='ocrx_word' id='word_1_226' title='bbox 421 3259 481 3324; x_wconf 93' lang='lat' dir='ltr'><strong>pro</strong></span> <span class='ocrx_word' id='word_1_227' title='bbox 504 3260 539 3301; x_wconf 90' lang='lat' dir='ltr'><strong>se</strong></span> <span class='ocrx_word' id='word_1_228' title='bbox 560 3239 701 3302; x_wconf 89' lang='lat' dir='ltr'><strong>retinens</strong></span> <span class='ocrx_word' id='word_1_229' title='bbox 724 3247 848 3302; x_wconf 88' lang='lat' dir='ltr'><strong>tantum</strong></span> <span class='ocrx_word' id='word_1_230' title='bbox 871 3257 944 3317; x_wconf 85' lang='lat' dir='ltr'><strong>sex,</strong></span> <span class='ocrx_word' id='word_1_231' title='bbox 974 3234 1115 3322; x_wconf 80' lang='lat' dir='ltr'><strong>reliquos</strong></span> <span class='ocrx_word' id='word_1_232' title='bbox 1142 3233 1282 3299; x_wconf 89' lang='lat' dir='ltr'><strong>florenos</strong></span> <span class='ocrx_word' id='word_1_233' title='bbox 1303 3236 1388 3300; x_wconf 89' lang='lat' dir='ltr'><strong>inter</strong></span> <span class='ocrx_word' id='word_1_234' title='bbox 1410 3234 1561 3301; x_wconf 88' lang='lat' dir='ltr'><strong>doctores</strong></span> <span class='ocrx_word' id='word_1_235' title='bbox 1584 3237 1619 3301; x_wconf 94' lang='lat' dir='ltr'><strong>in</strong></span> <span class='ocrx_word' id='word_1_236' title='bbox 1638 3236 1767 3302; x_wconf 90' lang='lat' dir='ltr'><strong>medici·</strong></span> 
     </span>
    </p>

    <p class='ocr_par' dir='ltr' id='par_1_13' title="bbox 235 3333 1769 3700">
     <span class='ocr_line' id='line_1_27' title="bbox 351 3333 1769 3423; baseline 0.001 -23"><span class='ocrx_word' id='word_1_237' title='bbox 351 3337 402 3401; x_wconf 83' lang='lat' dir='ltr'><strong>nis</strong></span> <span class='ocrx_word' id='word_1_238' title='bbox 424 3346 592 3422; x_wconf 85' lang='lat' dir='ltr'><strong>sequentes</strong></span> <span class='ocrx_word' id='word_1_239' title='bbox 614 3334 941 3423; x_wconf 89' lang='lat' dir='ltr'><strong>proporcionabiliter</strong></span> <span class='ocrx_word' id='word_1_240' title='bbox 964 3333 1160 3398; x_wconf 87' lang='lat' dir='ltr'><strong>distribuere</strong></span> <span class='ocrx_word' id='word_1_241' title='bbox 1180 3342 1335 3416; x_wconf 89' lang='lat' dir='ltr'><strong>tencatur,</strong></span> <span class='ocrx_word' id='word_1_242' title='bbox 1367 3334 1429 3399; x_wconf 93' lang='lat' dir='ltr'><strong>boc</strong></span> <span class='ocrx_word' id='word_1_243' title='bbox 1451 3334 1548 3399; x_wconf 89' lang='lat' dir='ltr'><strong>modo</strong></span> <span class='ocrx_word' id='word_1_244' title='bbox 1572 3335 1661 3423; x_wconf 91' lang='lat' dir='ltr'><strong>quod</strong></span> <span class='ocrx_word' id='word_1_245' title='bbox 1682 3334 1769 3422; x_wconf 90' lang='lat' dir='ltr'><strong>quili-</strong></span> 
     </span>
     <span class='ocr_line' id='line_1_28' title="bbox 235 3430 1769 3520; baseline 0 -21"><span class='ocrx_word' id='word_1_246' title='bbox 235 3441 241 3456; x_wconf 89' lang='lat'>&#39;</span> <span class='ocrx_word' id='word_1_247' title='bbox 350 3434 407 3499; x_wconf 91' lang='lat' dir='ltr'><strong>bet</strong></span> <span class='ocrx_word' id='word_1_248' title='bbox 426 3458 485 3499; x_wconf 82' lang='lat' dir='ltr'><strong>sex</strong></span> <span class='ocrx_word' id='word_1_249' title='bbox 505 3435 649 3501; x_wconf 89' lang='lat' dir='ltr'><strong>obtineat</strong></span> <span class='ocrx_word' id='word_1_250' title='bbox 677 3435 729 3517; x_wconf 87' lang='lat' dir='ltr'><strong>fl.;</strong></span> <span class='ocrx_word' id='word_1_251' title='bbox 759 3445 790 3499; x_wconf 90' lang='lat' dir='ltr'><strong>et</strong></span> <span class='ocrx_word' id='word_1_252' title='bbox 820 3434 968 3500; x_wconf 89' lang='lat' dir='ltr'><strong>doctores</strong></span> <span class='ocrx_word' id='word_1_253' title='bbox 993 3430 1056 3520; x_wconf 72' lang='lat' dir='ltr'><strong>[gs]</strong></span> <span class='ocrx_word' id='word_1_254' title='bbox 1082 3441 1227 3497; x_wconf 86' lang='lat' dir='ltr'><strong>carentes</strong></span> <span class='ocrx_word' id='word_1_255' title='bbox 1246 3432 1308 3497; x_wconf 88' lang='lat' dir='ltr'><strong>bac</strong></span> <span class='ocrx_word' id='word_1_256' title='bbox 1330 3435 1401 3498; x_wconf 90' lang='lat' dir='ltr'><strong>vice</strong></span> <span class='ocrx_word' id='word_1_257' title='bbox 1422 3434 1640 3500; x_wconf 88' lang='lat' dir='ltr'><strong>emolumento</strong></span> <span class='ocrx_word' id='word_1_258' title='bbox 1664 3434 1769 3500; x_wconf 87' lang='lat' dir='ltr'><strong>docto·</strong></span> 
     </span>
     <span class='ocr_line' id='line_1_29' title="bbox 351 3532 1768 3623; baseline -0.001 -25"><span class='ocrx_word' id='word_1_259' title='bbox 351 3546 494 3623; x_wconf 87' lang='lat' dir='ltr'><strong>ratorum</strong></span> <span class='ocrx_word' id='word_1_260' title='bbox 515 3534 578 3600; x_wconf 87' lang='lat' dir='ltr'><strong>alio</strong></span> <span class='ocrx_word' id='word_1_261' title='bbox 600 3545 754 3620; x_wconf 91' lang='lat' dir='ltr'><strong>tempore,</strong></span> <span class='ocrx_word' id='word_1_262' title='bbox 776 3534 836 3599; x_wconf 87' lang='lat' dir='ltr'><strong>deo</strong></span> <span class='ocrx_word' id='word_1_263' title='bbox 863 3535 1010 3615; x_wconf 90' lang='lat' dir='ltr'><strong>favente,</strong></span> <span class='ocrx_word' id='word_1_264' title='bbox 1043 3532 1253 3598; x_wconf 86' lang='lat' dir='ltr'><strong>consimiliter</strong></span> <span class='ocrx_word' id='word_1_265' title='bbox 1281 3535 1487 3620; x_wconf 90' lang='lat' dir='ltr'><strong>participent.</strong></span> <span class='ocrx_word' id='word_1_266' title='bbox 1528 3533 1573 3599; x_wconf 86' lang='lat' dir='ltr'><strong>Et</strong></span> <span class='ocrx_word' id='word_1_267' title='bbox 1604 3537 1653 3600; x_wconf 86' lang='lat' dir='ltr'><strong>sic</strong></span> <span class='ocrx_word' id='word_1_268' title='bbox 1685 3532 1768 3619; x_wconf 88' lang='lat' dir='ltr'><strong>quod</strong></span> 
     </span>
     <span class='ocr_line' id='line_1_30' title="bbox 352 3632 937 3700; baseline 0.002 -2"><span class='ocrx_word' id='word_1_269' title='bbox 352 3632 498 3698; x_wconf 83' lang='lat' dir='ltr'><strong>differtur</strong></span> <span class='ocrx_word' id='word_1_270' title='bbox 518 3657 583 3700; x_wconf 91' lang='lat' dir='ltr'><strong>non</strong></span> <span class='ocrx_word' id='word_1_271' title='bbox 605 3635 735 3699; x_wconf 91' lang='lat' dir='ltr'><strong>omnino</strong></span> <span class='ocrx_word' id='word_1_272' title='bbox 758 3633 937 3699; x_wconf 67' lang='lat' dir='ltr'><strong>aufferturl.</strong></span> 
     </span>
    </p>
   </div>
   <div class='ocr_carea' id='block_1_10' title="bbox 310 3805 1640 3867">
    <p class='ocr_par' dir='ltr' id='par_1_14' title="bbox 310 3805 1640 3867">
     <span class='ocr_line' id='line_1_31' title="bbox 310 3805 1640 3867; baseline -0.001 -2"><span class='ocrx_word' id='word_1_273' title='bbox 310 3807 344 3865; x_wconf 83' lang='grc' dir='ltr'><strong>3ο</strong></span> <span class='ocrx_word' id='word_1_274' title='bbox 485 3805 532 3867; x_wconf 83' lang='lat'><strong>32.</strong></span> <span class='ocrx_word' id='word_1_275' title='bbox 557 3817 603 3864; x_wconf 84' lang='lat' dir='ltr'><strong>un</strong></span> <span class='ocrx_word' id='word_1_276' title='bbox 626 3816 796 3865; x_wconf 79' lang='lat' dir='ltr'><strong>rnccnun</strong></span> <span class='ocrx_word' id='word_1_277' title='bbox 818 3815 906 3864; x_wconf 76' lang='lat' dir='ltr'><strong>riser</strong></span> <span class='ocrx_word' id='word_1_278' title='bbox 928 3815 1109 3864; x_wconf 78' lang='lat' dir='ltr'><strong>scurnum</strong></span> <span class='ocrx_word' id='word_1_279' title='bbox 1131 3816 1199 3863; x_wconf 74' lang='lat' dir='ltr'><strong>aaa</strong></span> <span class='ocrx_word' id='word_1_280' title='bbox 1219 3814 1411 3865; x_wconf 79' lang='lat' dir='ltr'><strong>uovnnnuu</strong></span> <span class='ocrx_word' id='word_1_281' title='bbox 1432 3815 1640 3866; x_wconf 84' lang='lat' dir='ltr'><strong>nocroann.</strong></span> 
     </span>
    </p>
   </div>
   <div class='ocr_carea' id='block_1_11' title="bbox 352 3948 1771 4135">
    <p class='ocr_par' dir='ltr' id='par_1_15' title="bbox 352 3948 1771 4135">
     <span class='ocr_line' id='line_1_32' title="bbox 433 3948 1771 4036; baseline 0.001 -23"><span class='ocrx_word' id='word_1_282' title='bbox 433 3948 585 4013; x_wconf 84' lang='lat' dir='ltr'><strong>Novellus</strong></span> <span class='ocrx_word' id='word_1_283' title='bbox 612 3949 726 4015; x_wconf 88' lang='lat' dir='ltr'><strong>doctor</strong></span> <span class='ocrx_word' id='word_1_284' title='bbox 752 3951 786 4013; x_wconf 93' lang='lat' dir='ltr'><strong>in</strong></span> <span class='ocrx_word' id='word_1_285' title='bbox 816 3949 983 4014; x_wconf 87' lang='lat' dir='ltr'><strong>medicinis</strong></span> <span class='ocrx_word' id='word_1_286' title='bbox 1011 3960 1085 4036; x_wconf 85' lang='lat' dir='ltr'><strong>post</strong></span> <span class='ocrx_word' id='word_1_287' title='bbox 1116 3949 1166 4012; x_wconf 90' lang='lat' dir='ltr'><strong>sui</strong></span> <span class='ocrx_word' id='word_1_288' title='bbox 1198 3951 1438 4035; x_wconf 87' lang='lat' dir='ltr'><strong>promocionem</strong></span> <span class='ocrx_word' id='word_1_289' title='bbox 1469 3953 1579 4015; x_wconf 88' lang='lat' dir='ltr'><strong>statim</strong></span> <span class='ocrx_word' id='word_1_290' title='bbox 1605 3961 1663 4016; x_wconf 91' lang='lat' dir='ltr'><strong>aut</strong></span> <span class='ocrx_word' id='word_1_291' title='bbox 1690 3953 1771 4016; x_wconf 85' lang='lat' dir='ltr'><strong>infra</strong></span> 
     </span>
     <span class='ocr_line' id='line_1_33' title="bbox 352 4048 1656 4135; baseline 0.002 -24"><span class='ocrx_word' id='word_1_292' title='bbox 352 4050 510 4112; x_wconf 73' lang='lat' dir='ltr'><strong>mensem⁶</strong></span> <span class='ocrx_word' id='word_1_293' title='bbox 532 4071 590 4134; x_wconf 94' lang='lat' dir='ltr'><strong>pro</strong></span> <span class='ocrx_word' id='word_1_294' title='bbox 613 4048 691 4113; x_wconf 88' lang='lat' dir='ltr'><strong>fisco</strong></span> <span class='ocrx_word' id='word_1_295' title='bbox 712 4048 875 4114; x_wconf 88' lang='lat' dir='ltr'><strong>facultatis</strong></span> <span class='ocrx_word' id='word_1_296' title='bbox 897 4050 1023 4115; x_wconf 89' lang='lat' dir='ltr'><strong>solvere</strong></span> <span class='ocrx_word' id='word_1_297' title='bbox 1043 4057 1168 4114; x_wconf 88' lang='lat' dir='ltr'><strong>tenetur</strong></span> <span class='ocrx_word' id='word_1_298' title='bbox 1187 4057 1325 4135; x_wconf 91' lang='lat' dir='ltr'><strong>quatuor</strong></span> <span class='ocrx_word' id='word_1_299' title='bbox 1349 4048 1488 4118; x_wconf 89' lang='lat' dir='ltr'><strong>florenos</strong></span> <span class='ocrx_word' id='word_1_300' title='bbox 1510 4053 1543 4115; x_wconf 96' lang='lat' dir='ltr'><strong>in</strong></span> <span class='ocrx_word' id='word_1_301' title='bbox 1567 4072 1656 4117; x_wconf 90' lang='lat' dir='ltr'><strong>auro.</strong></span> 
     </span>
    </p>
   </div>
   <div class='ocr_carea' id='block_1_12' title="bbox 352 4223 1771 4303">
    <p class='ocr_par' dir='ltr' id='par_1_16' title="bbox 352 4223 1771 4303">
     <span class='ocr_line' id='line_1_34' title="bbox 352 4223 1771 4303; baseline -0.001 -1"><span class='ocrx_word' id='word_1_302' title='bbox 352 4237 400 4302; x_wconf 89' lang='grc'><strong>33.</strong></span> <span class='ocrx_word' id='word_1_303' title='bbox 419 4251 465 4300; x_wconf 85' lang='lat' dir='ltr'><strong>nn</strong></span> <span class='ocrx_word' id='word_1_304' title='bbox 487 4249 657 4299; x_wconf 74' lang='lat' dir='ltr'><strong>Paeonum</strong></span> <span class='ocrx_word' id='word_1_305' title='bbox 680 4250 828 4300; x_wconf 75' lang='lat' dir='ltr'><strong>rnuums</strong></span> <span class='ocrx_word' id='word_1_306' title='bbox 848 4223 1111 4301; x_wconf 80' lang='lat' dir='ltr'><strong>nmmasrmms</strong></span> <span class='ocrx_word' id='word_1_307' title='bbox 1132 4249 1251 4299; x_wconf 73' lang='lat' dir='ltr'><strong>nunna</strong></span> <span class='ocrx_word' id='word_1_308' title='bbox 1272 4251 1339 4299; x_wconf 80' lang='lat' dir='ltr'><strong>rna</strong></span> <span class='ocrx_word' id='word_1_309' title='bbox 1360 4251 1552 4301; x_wconf 81' lang='lat' dir='ltr'><strong>uovsnuun</strong></span> <span class='ocrx_word' id='word_1_310' title='bbox 1571 4252 1771 4303; x_wconf 83' lang='lat' dir='ltr'><strong>nocronnu.</strong></span> 
     </span>
    </p>
   </div>
   <div class='ocr_carea' id='block_1_13' title="bbox 310 4382 1771 4571">
    <p class='ocr_par' dir='ltr' id='par_1_17' title="bbox 310 4382 1771 4571">
     <span class='ocr_line' id='line_1_35' title="bbox 434 4382 1771 4471; baseline 0 -20"><span class='ocrx_word' id='word_1_311' title='bbox 434 4383 558 4450; x_wconf 88' lang='lat' dir='ltr'><strong>Doctor</strong></span> <span class='ocrx_word' id='word_1_312' title='bbox 579 4383 722 4448; x_wconf 88' lang='lat' dir='ltr'><strong>novellus</strong></span> <span class='ocrx_word' id='word_1_313' title='bbox 745 4385 778 4447; x_wconf 93' lang='lat' dir='ltr'><strong>in</strong></span> <span class='ocrx_word' id='word_1_314' title='bbox 799 4383 967 4449; x_wconf 89' lang='lat' dir='ltr'><strong>medicinis</strong></span> <span class='ocrx_word' id='word_1_315' title='bbox 989 4392 1156 4471; x_wconf 80' lang='lat' dir='ltr'><strong>promotus</strong></span> <span class='ocrx_word' id='word_1_316' title='bbox 1177 4382 1270 4448; x_wconf 93' lang='lat' dir='ltr'><strong>dabit</strong></span> <span class='ocrx_word' id='word_1_317' title='bbox 1287 4384 1415 4449; x_wconf 91' lang='lat' dir='ltr'><strong>famulis</strong></span> <span class='ocrx_word' id='word_1_318' title='bbox 1445 4386 1667 4450; x_wconf 85' lang='lat' dir='ltr'><strong>universitatis</strong></span> <span class='ocrx_word' id='word_1_319' title='bbox 1696 4396 1771 4451; x_wconf 90' lang='lat' dir='ltr'><strong>tern-</strong></span> 
     </span>
     <span class='ocr_line' id='line_1_36' title="bbox 310 4482 1770 4571; baseline 0.001 -22"><span class='ocrx_word' id='word_1_320' title='bbox 310 4491 431 4571; x_wconf 79' lang='lat' dir='ltr'><strong>35pore</strong></span> <span class='ocrx_word' id='word_1_321' title='bbox 452 4484 653 4569; x_wconf 91' lang='lat' dir='ltr'><strong>recepcionie</strong></span> <span class='ocrx_word' id='word_1_322' title='bbox 672 4484 885 4568; x_wconf 83' lang='lat' dir='ltr'><strong>insigniorum</strong></span> <span class='ocrx_word' id='word_1_323' title='bbox 906 4482 1119 4549; x_wconf 91' lang='lat' dir='ltr'><strong>doctoralium</strong></span> <span class='ocrx_word' id='word_1_324' title='bbox 1143 4485 1284 4571; x_wconf 92' lang='lat' dir='ltr'><strong>quinque</strong></span> <span class='ocrx_word' id='word_1_325' title='bbox 1304 4483 1453 4566; x_wconf 90' lang='lat' dir='ltr'><strong>florenos,</strong></span> <span class='ocrx_word' id='word_1_326' title='bbox 1476 4507 1536 4570; x_wconf 92' lang='lat' dir='ltr'><strong>pro</strong></span> <span class='ocrx_word' id='word_1_327' title='bbox 1553 4484 1671 4571; x_wconf 85' lang='lat' dir='ltr'><strong>quibus</strong></span> <span class='ocrx_word' id='word_1_328' title='bbox 1695 4486 1770 4551; x_wconf 91' lang='lat' dir='ltr'><strong>dicti</strong></span> 
     </span>
    </p>
   </div>
   <div class='ocr_carea' id='block_1_14' title="bbox 353 4682 1768 5176">
    <p class='ocr_par' dir='ltr' id='par_1_18' title="bbox 441 4682 1075 4754">
     <span class='ocr_line' id='line_1_37' title="bbox 441 4682 1075 4754; baseline -0.002 -18"><span class='ocrx_word' id='word_1_329' title='bbox 441 4688 450 4736; x_wconf 90' lang='lat' dir='ltr'><strong>l</strong></span> <span class='ocrx_word' id='word_1_330' title='bbox 473 4682 531 4735; x_wconf 80' lang='lat' dir='ltr'><strong>Fur</strong></span> <span class='ocrx_word' id='word_1_331' title='bbox 547 4682 640 4737; x_wconf 78' lang='lat' dir='ltr'><strong>babilo</strong></span> <span class='ocrx_word' id='word_1_332' title='bbox 658 4683 695 4736; x_wconf 87' lang='lat' dir='ltr'><strong>ist</strong></span> <span class='ocrx_word' id='word_1_333' title='bbox 713 4686 807 4753; x_wconf 78' lang='lat' dir='ltr'><strong>spilter</strong></span> <span class='ocrx_word' id='word_1_334' title='bbox 823 4686 928 4754; x_wconf 83' lang='lat' dir='ltr'><strong>gesetzt</strong></span> <span class='ocrx_word' id='word_1_335' title='bbox 944 4682 1075 4738; x_wconf 78' lang='lat' dir='ltr'><strong>babendo.</strong></span> 
     </span>
    </p>

    <p class='ocr_par' dir='ltr' id='par_1_19' title="bbox 436 4765 1394 4837">
     <span class='ocr_line' id='line_1_38' title="bbox 436 4765 1394 4837; baseline -0.002 -16"><span class='ocrx_word' id='word_1_336' title='bbox 436 4773 451 4821; x_wconf 80' lang='lat'>2</span> <span class='ocrx_word' id='word_1_337' title='bbox 470 4765 609 4820; x_wconf 88' lang='lat' dir='ltr'><strong>Hiernacb</strong></span> <span class='ocrx_word' id='word_1_338' title='bbox 628 4766 665 4820; x_wconf 86' lang='lat' dir='ltr'><strong>ist</strong></span> <span class='ocrx_word' id='word_1_339' title='bbox 682 4770 774 4836; x_wconf 79' lang='lat' dir='ltr'><strong>spiiter</strong></span> <span class='ocrx_word' id='word_1_340' title='bbox 792 4766 992 4837; x_wconf 84' lang='lat' dir='ltr'><strong>eingesehoben</strong></span> <span class='ocrx_word' id='word_1_341' title='bbox 1010 4768 1093 4820; x_wconf 78' lang='lat' dir='ltr'><strong>biduo</strong></span> <span class='ocrx_word' id='word_1_342' title='bbox 1110 4774 1172 4819; x_wconf 73' lang='lat' dir='ltr'><strong>ceta</strong></span> <span class='ocrx_word' id='word_1_343' title='bbox 1184 4767 1394 4836; x_wconf 77' lang='lat' dir='ltr'><strong>promotionem.</strong></span> 
     </span>
    </p>

    <p class='ocr_par' dir='ltr' id='par_1_20' title="bbox 353 4849 1768 5005">
     <span class='ocr_line' id='line_1_39' title="bbox 436 4849 1768 4922; baseline 0.004 -18"><span class='ocrx_word' id='word_1_344' title='bbox 436 4855 451 4904; x_wconf 86' lang='grc'><strong>3</strong></span> <span class='ocrx_word' id='word_1_345' title='bbox 470 4850 524 4903; x_wconf 93' lang='lat' dir='ltr'><strong>Die</strong></span> <span class='ocrx_word' id='word_1_346' title='bbox 541 4851 801 4922; x_wconf 86' lang='lat' dir='ltr'><strong>cingeklammertcn</strong></span> <span class='ocrx_word' id='word_1_347' title='bbox 821 4852 917 4905; x_wconf 88' lang='lat' dir='ltr'><strong>Worte</strong></span> <span class='ocrx_word' id='word_1_348' title='bbox 935 4850 995 4904; x_wconf 84' lang='lat' dir='ltr'><strong>sind</strong></span> <span class='ocrx_word' id='word_1_349' title='bbox 1015 4849 1234 4921; x_wconf 81' lang='lat' dir='ltr'><strong>nachgetragen,</strong></span> <span class='ocrx_word' id='word_1_350' title='bbox 1260 4849 1332 4904; x_wconf 89' lang='lat' dir='ltr'><strong>doeb</strong></span> <span class='ocrx_word' id='word_1_351' title='bbox 1358 4867 1448 4906; x_wconf 77' lang='lat' dir='ltr'><strong>waren</strong></span> <span class='ocrx_word' id='word_1_352' title='bbox 1466 4851 1505 4906; x_wconf 79' lang='lat' dir='ltr'><strong>eie</strong></span> <span class='ocrx_word' id='word_1_353' title='bbox 1523 4849 1595 4906; x_wconf 76' lang='lat' dir='ltr'><strong>wohl</strong></span> <span class='ocrx_word' id='word_1_354' title='bbox 1614 4871 1666 4909; x_wconf 88' lang='lat' dir='ltr'><strong>nur</strong></span> <span class='ocrx_word' id='word_1_355' title='bbox 1682 4853 1768 4909; x_wconf 89' lang='lat' dir='ltr'><strong>durch</strong></span> 
     </span>
     <span class='ocr_line' id='line_1_40' title="bbox 353 4932 996 5005; baseline -0.002 -17"><span class='ocrx_word' id='word_1_356' title='bbox 353 4932 398 4988; x_wconf 87' lang='lat' dir='ltr'><strong>ein</strong></span> <span class='ocrx_word' id='word_1_357' title='bbox 415 4933 554 4988; x_wconf 88' lang='lat' dir='ltr'><strong>Versehen</strong></span> <span class='ocrx_word' id='word_1_358' title='bbox 573 4936 621 4989; x_wconf 91' lang='lat' dir='ltr'><strong>des</strong></span> <span class='ocrx_word' id='word_1_359' title='bbox 640 4933 798 4990; x_wconf 87' lang='lat' dir='ltr'><strong>Schreibere</strong></span> <span class='ocrx_word' id='word_1_360' title='bbox 819 4933 996 5005; x_wconf 86' lang='lat' dir='ltr'><strong>ausgefallen.</strong></span> 
     </span>
    </p>

    <p class='ocr_par' dir='ltr' id='par_1_21' title="bbox 437 5019 1489 5100">
     <span class='ocr_line' id='line_1_41' title="bbox 437 5019 1489 5100; baseline 0 -28"><span class='ocrx_word' id='word_1_361' title='bbox 437 5023 454 5072; x_wconf 78' lang='lat'>4</span> <span class='ocrx_word' id='word_1_362' title='bbox 471 5019 524 5071; x_wconf 87' lang='lat' dir='ltr'><strong>Am</strong></span> <span class='ocrx_word' id='word_1_363' title='bbox 544 5019 654 5073; x_wconf 88' lang='lat' dir='ltr'><strong>Raude:</strong></span> <span class='ocrx_word' id='word_1_364' title='bbox 675 5020 739 5073; x_wconf 84' lang='lat' dir='ltr'><strong>Hoc</strong></span> <span class='ocrx_word' id='word_1_365' title='bbox 755 5021 879 5072; x_wconf 79' lang='lat' dir='ltr'><strong>altimum</strong></span> <span class='ocrx_word' id='word_1_366' title='bbox 895 5019 1063 5100; x_wconf 59' lang='lat' dir='ltr'><strong>immutatum</strong></span> <span class='ocrx_word' id='word_1_367' title='bbox 1082 5027 1201 5089; x_wconf 78' lang='lat' dir='ltr'><strong>tempore</strong></span> <span class='ocrx_word' id='word_1_368' title='bbox 1217 5021 1245 5076; x_wconf 84' lang='lat' dir='ltr'><strong>d.</strong></span> <span class='ocrx_word' id='word_1_369' title='bbox 1264 5020 1347 5088; x_wconf 74' lang='lat' dir='ltr'><strong>Rota,</strong></span> <span class='ocrx_word' id='word_1_370' title='bbox 1364 5027 1395 5072; x_wconf 81' lang='lat' dir='ltr'><strong>nt</strong></span> <span class='ocrx_word' id='word_1_371' title='bbox 1412 5019 1489 5072; x_wconf 77' lang='lat' dir='ltr'><strong>alibi.</strong></span> 
     </span>
    </p>

    <p class='ocr_par' dir='ltr' id='par_1_22' title="bbox 439 5101 1247 5176">
     <span class='ocr_line' id='line_1_42' title="bbox 439 5101 1247 5176; baseline 0.002 -19"><span class='ocrx_word' id='word_1_372' title='bbox 439 5106 453 5157; x_wconf 83' lang='lat'><strong>5</strong></span> <span class='ocrx_word' id='word_1_373' title='bbox 473 5101 526 5156; x_wconf 91' lang='lat' dir='ltr'><strong>Die</strong></span> <span class='ocrx_word' id='word_1_374' title='bbox 544 5103 641 5158; x_wconf 91' lang='lat' dir='ltr'><strong>Worte</strong></span> <span class='ocrx_word' id='word_1_375' title='bbox 658 5111 706 5156; x_wconf 79' lang='lat' dir='ltr'><strong>aut</strong></span> <span class='ocrx_word' id='word_1_376' title='bbox 722 5104 803 5176; x_wconf 78' lang='lat' dir='ltr'><strong>infra</strong></span> <span class='ocrx_word' id='word_1_377' title='bbox 822 5121 935 5160; x_wconf 71' lang='lat' dir='ltr'><strong>mercem</strong></span> <span class='ocrx_word' id='word_1_378' title='bbox 952 5103 1013 5158; x_wconf 86' lang='lat' dir='ltr'><strong>sind</strong></span> <span class='ocrx_word' id='word_1_379' title='bbox 1031 5106 1124 5175; x_wconf 74' lang='lat' dir='ltr'><strong>opiter</strong></span> <span class='ocrx_word' id='word_1_380' title='bbox 1140 5101 1247 5175; x_wconf 73' lang='lat' dir='ltr'><strong>geulgt.</strong></span> 
     </span>
    </p>
   </div>
   <div class='ocr_carea' id='block_1_15' title="bbox 0 0 1918 6148">
    <p class='ocr_par' dir='ltr' id='par_1_23' title="bbox 0 0 1918 6148">
     <span class='ocr_line' id='line_1_43' title="bbox 0 0 1918 6148; baseline 0 0"><span class='ocrx_word' id='word_1_381' title='bbox 0 0 1918 6148; x_wconf 95' lang='lat' dir='ltr'><strong> </strong></span> 
     </span>
    </p>
   </div>
  </div>
 </body>
</html>
