3756 6158
244 481 305 543 452
735 478 785 527 Die
808 478 1029 541 philosophische
1048 480 1175 530 Faculttt.

245 668 402 740 octavam,
424 658 457 721 in
480 666 602 722 aestate
623 666 699 722 ante
719 658 831 724 horam
854 660 1057 745 septimam.¹
1083 659 1225 724 Tenetur
1246 661 1348 725 eciam
1373 660 1545 747 disputans
1571 682 1667 748 quae·

247 760 365 823 stiones
388 756 602 843 disputandas
626 752 704 840 (non
731 755 946 844 zophismata)
976 756 1105 844 publice
1139 759 1288 823 intimare
1317 759 1525 845 praecedenti
1557 759 1610 824 die
1636 762 1667 823 in

245 857 350 922 valvis
372 855 581 950 collegiorum
603 857 687 921 etin
706 855 806 921 bursa
827 856 991 922 facultatis
1015 863 1111 942 (quae
1133 866 1182 920 est
1202 856 1318 922 domus
1341 858 1566 944 paedagogii).
1587 859 1665 923 Item

246 958 417 1043 disputans
440 955 603 1021 ordinarie
625 955 721 1021 debet
741 955 864 1021 decano
887 957 1091 1042 quaestiones
1112 955 1326 1042 disputandas
1349 967 1380 1020 et
1399 958 1606 1044 sophismata
1627 958 1666 1022 ad

203 1067 219 1122 5
249 1065 395 1144 quartam
416 1055 546 1137 feriam,
576 1054 759 1120 huiusmodi
791 1056 1046 1143 disputacionem
1076 1054 1341 1142 praecedentem,
1378 1068 1605 1142 praesentare,
1635 1069 1667 1121 ut

245 1155 406 1237 decernat,
430 1178 472 1218 an
485 1153 715 1218 emendacione
737 1164 853 1240 egeant
875 1154 971 1234 etad
986 1154 1217 1241 disputandum
1232 1154 1361 1242 publice
1378 1154 1519 1232 debeant
1536 1155 1667 1221 admitti

249 1328 276 1388 6.
312 1338 431 1398 onore
457 1336 552 1385 noas
581 1336 740 1384 nscnuus
769 1337 914 1385 menam
934 1338 1051 1389 onear
1076 1337 1292 1385 oanmnamu
1314 1337 1603 1387 nrsrursrronmr
1623 1339 1664 1385 nr

581 1434 678 1495 onon
701 1426 866 1485 maereret
885 1435 1075 1489 arenauno
1097 1436 1174 1485 smr
1196 1435 1338 1487 annuas.

330 1551 451 1633 Placet,
472 1561 508 1615 ut
528 1551 678 1636 magistri
700 1553 871 1615 visitantes
893 1551 1150 1638 disputacionem
1175 1551 1374 1616 ordinariam
1400 1552 1434 1615 in
1455 1553 1665 1639 proponendo

208 1664 280 1721 10et
301 1650 467 1738 arguendo
490 1652 554 1715 sint
574 1648 700 1732 breves,
721 1651 769 1714 ita
791 1650 878 1738 quod
899 1648 1006 1715 nullus
1028 1661 1158 1736 praeter
1177 1644 1339 1730 'decanum
1366 1649 1457 1733 ultra
1482 1653 1548 1715 tria
1576 1674 1664 1739 argu·

247 1760 355 1816 menta
376 1749 418 1813 ad
439 1751 615 1814 maximum
637 1759 800 1836 proponat
817 1759 849 1813 et
869 1749 932 1814 duo
953 1748 1108 1839 deducat3
1131 1751 1289 1813 si'autem
1311 1773 1376 1815 non
1395 1740 1570 1838 proponat,
1593 1763 1664 1816 tunc

247 1850 333 1916 ultra
352 1858 490 1936 quatuor
511 1846 706 1913 baccalariis
728 1849 969 1934 quaestionistis
989 1870 1054 1913 non
1074 1843 1221 1916 deducat.
1265 1849 1419 1932 Decanus'
1436 1872 1517 1915 vero
1535 1873 1608 1916 cum
1627 1854 1665 1916 sit

247 1949 294 2014 ibi
315 1958 351 2013 ut
367 1957 466 2035 caput
489 1946 680 2034 principale,
713 1956 876 2034 proponat
899 1938 936 2013 ‘et
957 1947 1132 2012 secundum
1158 1947 1313 2034 placitum
1342 1948 1500 2033 deducat,
1529 1958 1564 2015 et
1590 1960 1663 2015 tem·

248 2072 328 2137 pore
351 2049 430 2112 satis
454 2057 581 2111 maturo
604 2049 685 2111 assit
702 2047 887 2134 incipiendo
915 2056 990 2111 ante
1015 2046 1129 2117 horam
1156 2049 1327 2134 septimam
1354 2049 1389 2112 in
1410 2057 1554 2131 aestate,
1584 2059 1662 2114 octa·

208 2160 238 2214 15
247 2171 322 2213 vam
342 2149 377 2212 in
398 2147 502 2211 hieme
524 2147 753 2230 argumentari,
776 2155 813 2211 ut
833 2148 935 2211 eciam
958 2144 1014 2209 alii
1034 2147 1184 2231 magistri
1203 2145 1308 2210 locum
1336 2146 1497 2233 arguendi
1518 2146 1662 2213 habeant

247 2248 338 2331 Idem
357 2246 548 2332 intelligitur
569 2244 610 2314 de
632 2244 728 2309 modo
755 2245 913 2332 arguendi
931 2266 995 2330 quo
1017 2244 1061 2310 ad
1081 2245 1291 2311 baccalarios.
1369 2279 1389 2301 .-

248 2453 277 2513 7.
298 2437 473 2523 Quaurr'aa
492 2461 531 2510 SE
551 2461 689 2509 HABERE
710 2461 849 2509 Danant
867 2460 1051 2526 molstus,
1073 2462 1131 2510 cm
1151 2462 1361 2511 Dlsru'rs'rlo
1383 2461 1576 2515 ormnem
1596 2464 1659 2526 Quo

438 2562 484 2609 AD
508 2560 599 2608 SUAM
618 2559 807 2609 snsslonnn
827 2559 1085 2610 combustores
1107 2560 1308 2639 comarum
1328 2560 1479 2611 DEBEAT.

331 2710 461 2793 Placet,
493 2709 579 2797 quod
601 2708 690 2782 ,nulli
719 2710 949 2794 magistrorum
980 2709 1157 2796 disputatio
1177 2709 1344 2775 ordinaria
1365 2733 1427 2798 pro
1449 2710 1658 2799 complecione

205 2807 333 2898 20[12²]
358 2812 407 2875 sui
428 2810 550 2875 biennii
570 2831 627 2872 seu
646 2810 816 2894 ingressus.
832 2808 998 2883 facultatis
1021 2818 1221 2896 computetur
1228 2800 1243 2892 ,¹
1263 2811 1326 2873 nisi
1356 2832 1429 2903 eum
1449 2808 1589 2894 tabardo
1610 2832 1659 2874 seu

248 2907 361 2975 habitu
393 2907 577 2994 magistrali
605 2929 678 2972 cum
708 2909 805 2972 mitra
835 2908 869 2971 in
903 2929 1034 2972 scamno
1070 2907 1208 2993 oblongo
1241 2909 1472 2993 magistrorum
1500 2919 1658 2997 appareat,

248 3009 395 3074 adminus
417 3029 476 3093 per
503 3006 617 3071 horam
644 3008 762 3084 (eciam
791 3007 818 3070 si
843 3005 949 3071 locum
975 3005 1135 3091 arguendi
1161 3006 1282 3091 habere
1305 3028 1371 3071 non
1393 3004 1519 3093 possit)
1547 3007 1658 3073 ibidem

246 3107 419 3173 manendo(
1439 3105 1443 3109 ⁷

324 3279 362 3341 ,8.
392 3288 486 3349 Quor
515 3289 560 3335 ET
584 3288 643 3348 QUI
657 3243 828 3334 'MAGISTRI
849 3286 1032 3335 REOIPIANT
1054 3287 1250 3336 peccamen
1270 3288 1309 3335 m,
1327 3287 1585 3338 msr’urn'rlone

207 3383 240 3437 25
724 3386 914 3434 oanntamn
934 3386 1192 3434 MAGISTRORUM.

332 3504 471 3584 Placuit,
496 3501 583 3589 quod
605 3501 714 3565 decem
738 3503 880 3566 seniores
901 3503 1048 3592 magistri
1072 3524 1142 3566 cum
1165 3501 1288 3567 decano
1316 3504 1350 3566 in
1369 3501 1595 3589 disputacione
1614 3529 1656 3571 or·

251 3604 377 3668 dinaria
408 3611 594 3688 praesentes
627 3610 659 3665 et
686 3603 721 3663 in
749 3599 861 3665 ordine
891 3623 954 3665 suo·
972 3611 1161 3686 arguentes,
1192 3611 1259 3666 tam
1283 3600 1339 3665 diu
1359 3601 1405 3666 ibi
1429 3616 1656 3689 permanentes,

250 3703 334 3789 quod
356 3700 554 3789 praecedens
575 3709 606 3762 et
628 3721 764 3786 sequens
786 3698 954 3785 arguebat,
975 3701 1003 3764 si
1025 3699 1137 3764 saltem
1159 3699 1405 3787 praecedentem
1427 3712 1460 3765 et
1483 3715 1657 3791 sequentem

248 3801 421 3868 habuerint
441 3799 537 3879 (alias
559 3808 623 3862 tam
647 3798 703 3862 diu
725 3798 875 3880 sedeant,
902 3799 992 3885 quod
1020 3799 1083 3864 duo
1111 3793 1259 3886 magistri
1280 3810 1437 3886 arguant,
1476 3804 1505 3866 si
1530 3802 1576 3868 ibi
1603 3805 1658 3868 sint

210 3903 397 3987 30magistri
419 3921 554 3984 arguere
576 3896 719 3962 volentes
741 3907 772 3961 ct
794 3896 900 3961 locum
920 3897 1078 3983 arguendi
1099 3897 1219 3963 habere
1247 3907 1396 3985 possunt)
1426 3899 1548 3966 habeat
1574 3901 1656 3989 quili-

250 4000 305 4065 bet
325 4023 423 4064 uuum
446 4020 595 4084 grossum
616 4019 744 4078 novum,
767 4018 861 4081 quem
894 3996 1035 4060 decanus
1066 3997 1187 4062 eisdem
1215 4021 1290 4062 mox
1317 4001 1351 4062 in
1379 3999 1495 4064 eadem
1523 4000 1657 4088 disputa·

252 4102 339 4165 tione
360 4120 418 4185 per
439 4095 594 4160 famulum
615 4096 835 4160 universitatis
857 4094 1085 4182 praesentabit
1128 4096 1173 4161 Ut
1189 4119 1266 4183 ergo
1289 4099 1420 4182 sciatur,
1442 4096 1498 4185 qui
1519 4099 1657 4186 magistri

255 4205 442 4288 praesentes
464 4196 593 4277 suerint,
615 4193 756 4258 famulus
778 4194 1016 4278 universitatis,
1047 4195 1103 4279 qui
1131 4218 1191 4282 pro
1217 4206 1293 4261 tunc
1318 4219 1360 4262 ex
1381 4198 1489 4263 officio
1511 4221 1657 4286 praesens

251 4298 356 4377 fuerit,
380 4317 489 4360 omnes
511 4304 543 4358 et
564 4293 708 4379 singulos
729 4295 902 4379 magistros
924 4301 1110 4380 praesentes
1131 4295 1165 4358 in
1187 4294 1320 4380 singulis
1349 4289 1536 4362 huiusmodi
1557 4297 1656 4384 dispu-

210 4393 433 4461 tatacionibus
455 4392 593 4457 fideliter
616 4391 800 4456 conscribat
818 4391 861 4455 ad
882 4391 1056 4477 registrum
1083 4402 1115 4457 et
1140 4391 1262 4459 decano
1293 4394 1458 4461 facultatis
1488 4397 1657 4463 arciumin

255 4497 385 4582 scriptis
409 4492 517 4557 debito
536 4501 681 4577 tempore
704 4500 896 4578 praesentet,
915 4501 951 4555 ut
973 4492 1020 4555 sic
1042 4492 1118 4556 sciri
1130 4493 1234 4579 possit
1249 4491 1424 4580 diligencia
1436 4496 1656 4582 magistrorum

251 4593 419 4660 consilium
440 4590 605 4657 facultatis
625 4612 682 4654 suo
702 4602 846 4675 tempore
866 4590 990 4654 intrare
1010 4589 1198 4656 volencium.
1239 4591 1348 4657 Debet
1375 4594 1481 4660 eciam
1505 4593 1592 4660 idem
1618 4594 1656 4658 fs·

253 4691 357 4757 mulus
380 4691 601 4755 universitatis
625 4690 816 4773 consignare
838 4687 1010 4773 diligenter
1030 4687 1232 4755 baccalarios
1261 4700 1293 4754 ct
1319 4688 1484 4757 studentes
1505 4693 1657 4758 ordinarie

252 4790 498 4877 respondentes,
529 4799 565 4851 ut
593 4788 640 4851 sic
671 4799 815 4873 tempore
843 4785 1098 4874 dispensacionis
1131 4788 1172 4852 de
1193 4811 1302 4854 eorum
1323 4790 1587 4878 responsionibus
1606 4813 1656 4879 per

209 4899 243 4953 to
254 4889 438 4954 huiusmodi
461 4890 660 4972 signaturam
684 4895 831 4950 constare
851 4888 977 4973 poterit
1018 4886 1063 4952 Et
1083 4898 1118 4952 ut
1138 4888 1327 4975 exequendo
1348 4889 1603 4958 officiumsuum
1619 4889 1654 4955 sd

334 5141 343 5190 l
368 5136 422 5190 Am
440 5133 538 5188 Raude
555 5132 690 5186 Additum
706 5140 745 5187 est
762 5133 807 5205 ,in
820 5135 965 5204 principio
982 5133 1113 5188 boram
1132 5133 1176 5188 vel
1193 5136 1285 5191 cerere
1305 5141 1368 5194 1⁶22
1386 5138 1437 5192 aaa
1453 5139 1542 5196 Mate.
