3756 6158
220 475 281 538 510
660 474 664 483 '
711 469 761 518 Die
785 467 1003 532 philosophische
1020 466 1147 522 Facultit.

219 661 403 733 cernuntur,
425 652 472 715 sic
493 662 525 715 et
545 648 741 732 muneribus,
764 650 889 715 actibus
911 650 1121 738 doctrinaque
1141 652 1225 715 inter
1247 649 1320 717 illos
1341 652 1433 738 ipsos
1454 650 1640 717 differencia

219 764 252 818 et
274 751 430 816 discrecio
454 744 537 835 [44⁸]
559 749 629 812 iure
651 751 828 835 meritoque
851 772 922 814 esse
942 750 1045 815 debet
1089 752 1162 831 Quo
1184 751 1237 832 fit,
1260 771 1333 814 cum
1362 749 1570 816 baccalaurei
1591 775 1639 816 ce

217 852 342 937 teriqus
365 846 548 914 scholastici
569 846 677 911 etalii
696 847 842 913 advenae
863 859 958 934 atque
980 852 1144 932 extranei,
1175 871 1240 915 non
1265 850 1424 936 promoti,
1448 851 1519 914 sive
1539 853 1640 915 mium

224 950 364 1036 promoti
386 948 443 1012 sed
473 968 530 1033 per
560 945 745 1009 facultatem
773 948 896 1011 arcium
930 949 1061 1013 minime
1090 950 1248 1036 assumpti
1278 971 1337 1013 nec
1369 947 1523 1013 admissi:
1567 953 1640 1037 quia

182 1058 199 1127 t
226 1070 331 1136 neque
353 1048 503 1133 magistri
523 1067 626 1133 neque
648 1045 796 1110 doctores
816 1047 920 1110 nostri
941 1046 1040 1112 studii
1063 1052 1176 1130 sunt¹,
1204 1047 1327 1134 placuit
1346 1047 1496 1113 facultati
1520 1053 1640 1114 arcium

223 1146 442 1229 concorditer,
478 1144 565 1209 nullo
591 1144 847 1227 contradicente,
888 1158 924 1209 ut
951 1145 1057 1211 nullus
1079 1169 1190 1212 eorum
1211 1145 1340 1233 publice
1360 1148 1395 1211 in
1414 1146 1489 1212 loco
1511 1147 1639 1234 publico

221 1252 291 1312 sive
311 1249 345 1311 in
364 1247 435 1311 loco
454 1248 583 1331 privato
612 1266 685 1308 cum
705 1244 917 1309 invitamento
939 1245 1088 1330 publico,
1121 1250 1190 1311 sive
1212 1248 1316 1311 eciam
1336 1247 1408 1311 sine
1427 1247 1639 1313 invitamento

221 1349 255 1411 in
275 1346 347 1411 loco
369 1346 499 1432 privato
521 1341 661 1429 publice,
683 1343 718 1406 id
741 1352 799 1425 est,
829 1352 864 1405 ut
884 1365 995 1408 omnes
1023 1344 1243 1410 indifferenter
1269 1344 1435 1429 admittat,
1464 1345 1508 1410 de
1534 1357 1639 1412 cetero

218 1447 399 1530 futurisque
421 1441 622 1529 temporibus
644 1443 678 1506 in
699 1451 769 1506 arte
788 1441 997 1508 humanitatis
1020 1446 1088 1509 sive
1115 1446 1150 1509 in
1173 1444 1282 1531 aliqua
1309 1446 1436 1524 arcium
1456 1444 1640 1510 liberalium

182 1545 272 1611 lovel
292 1543 500 1631 philosophia
521 1540 638 1606 docere
659 1538 711 1604 vel
732 1539 841 1626 legere
864 1540 983 1607 audeat
994 1554 1050 1609 aut
1064 1553 1210 1627 attentet,
1235 1544 1295 1609 sub
1308 1567 1416 1632 poena
1426 1567 1534 1609 novae
1548 1567 1639 1609 sexa-

216 1666 319 1731 genas
340 1645 440 1709 tocies
461 1643 603 1729 quocies.
645 1637 751 1720 Quam
775 1641 803 1704 si
823 1642 955 1706 minime
984 1644 1162 1726 curaverit,
1205 1644 1249 1708 ad
1284 1648 1352 1709 eius
1378 1645 1638 1728 suspensionem,

219 1742 273 1808 vel
292 1743 397 1808 eciam
418 1741 638 1806 exclusionem
658 1739 801 1804 deosum
821 1761 881 1826 pro
904 1754 1050 1828 tempore
1067 1743 1209 1806 existens
1223 1743 1389 1830 procedat,
1408 1745 1579 1829 magistris
1599 1744 1638 1808 de

224 1841 359 1908 consilio
382 1841 488 1906 dictae
508 1837 673 1905 facultatis
696 1836 758 1901 sibi
780 1839 1006 1904 assistentibus
1028 1850 1061 1905 et
1080 1842 1184 1906 eciam
1205 1841 1371 1929 magnifici
1392 1841 1517 1908 domini
1538 1854 1638 1909 recto·

217 1943 265 2007 ris
286 1940 428 2006 officium
449 1935 536 2027 [Ψ]
559 1936 780 2022 auxiliumque
800 1937 1065 2025 implorantibus,
1089 1942 1117 2004 'si
1138 1939 1280 2006 viderint
1299 1942 1369 2006 fore
1389 1963 1535 2008 mssa
1578 1941 1637 2008 Cui

178 2054 209 2108 15
223 2044 353 2109 decreto
374 2048 471 2127 atque
492 2048 612 2104 statuto
634 2058 744 2102 omnes
765 2044 797 2100 et
830 2036 950 2123 singuli
979 2040 1210 2106 antenominati
1237 2062 1359 2128 parere¹
1380 2050 1480 2128 atque
1508 2039 1638 2106 obedire

214 2141 333 2207 debent
354 2152 386 2206 et
405 2149 564 2220 tenentur,
586 2138 658 2218 nisi,
680 2147 815 2222 urgente
835 2159 933 2202 causa
952 2136 1070 2203 idonea
1092 2148 1123 2204 et
1141 2138 1344 2221 racionabili,
1364 2138 1508 2204 decanus
1532 2149 1565 2203 ct
1586 2141 1633 2203 sni

218 2241 361 2305 seniores
381 2238 472 2304 aliud
491 2258 551 2324 pro
571 2245 717 2322 tempore
739 2234 990 2303 diiudicaverint
1011 2238 1211 2324 reipublicae
1232 2237 1399 2325 expedire,
1422 2237 1514 2304 salvo
1532 2240 1633 2303 eciam

215 2362 262 2423 eo,
282 2338 368 2427 quod
391 2337 596 2402 baccalaurei
618 2336 742 2400 arcium
762 2346 907 2420 tempore
929 2336 1159 2402 canicularium
1178 2339 1213 2402 in
1235 2339 1464 2424 grammatica,
1486 2337 1635 2402 arithme-

214 2441 298 2503 trica
318 2448 415 2525 atque
436 2433 696 2522 computualibus
719 2456 778 2519 pro
801 2457 860 2498 sua
881 2435 1101 2522 complecione
1123 2437 1220 2501 certis
1242 2447 1274 2502 et
1291 2439 1420 2502 statutis
1434 2437 1527 2502 horis
1539 2459 1636 2522 nsque

176 2536 260 2602 wad
291 2539 408 2602 festum
439 2535 678 2621 assumpcionis
696 2532 822 2597 Mariae
850 2544 906 2598 aut
926 2534 1169 2601 Bartholomaei
1203 2535 1375 2602 dumtaxat
1398 2535 1509 2624 legere
1533 2536 1632 2601 libere

221 2639 357 2724 possint,
378 2635 552 2701 dummodo
573 2657 594 2699 a
614 2632 738 2698 decano
760 2634 807 2697 eis
827 2633 926 2697 fuerit
943 2633 1121 2701 admissum

864 2751 976 2816 15122

310 3091 378 3164 Ans
394 3091 448 3148 der
467 3088 625 3151 Ruckaeite
643 3088 694 3145 dcc
714 3087 818 3145 letztea
840 3088 895 3145 der
915 3090 934 3148 4
958 3089 1158 3164 corpeud‘btca
1187 3088 1309 3146 Btctter
1337 3080 1418 3170 (also
1441 3083 1550 3171 JVb),
1582 3107 1633 3146 nou

218 3192 312 3249 denen
332 3189 367 3249 P
390 3188 526 3247 Christus
547 3206 596 3245 nm
615 3187 716 3245 Kreas
738 3187 801 3243 und
822 3187 970 3244 daranter
989 3189 1047 3245 dea
1066 3188 1191 3263 Ansaaq
1211 3189 1262 3246 der
1284 3188 1498 3264 anapcliums
1525 3189 1632 3246 Journ-

179 3290 280 3362 25nis,
300 3285 358 3346 IIb
380 3288 424 3347 bis
445 3289 467 3345 Ι
471 3288 515 3346 V⁸
535 3286 599 3344 ciac
624 3286 793 3345 Uebcrsiclrt
808 3286 881 3343 iiber
903 3286 950 3343 dic
974 3289 1011 3347 17
1036 3285 1153 3362 Capitol
1185 3289 1239 3345 der
1261 3287 1400 3346 Statutca
1426 3307 1485 3345 von
1510 3288 1588 3350 1499
1608 3306 1632 3344 a

217 3389 264 3447 eia
287 3387 520 3464 alphabetisclrcs
540 3386 679 3462 Rapistcr
701 3387 859 3457 eatbaltea,
880 3385 919 3442 ist
940 3404 995 3443 aus
1017 3387 1081 3444 dem
1100 3388 1198 3446 Jalsrc
1221 3388 1300 3449 1520
1321 3389 1561 3465 nachpstrapea:

276 3584 462 3633 STATUTUM
486 3584 534 3630 DE
556 3581 732 3630 Donossun
758 3580 928 3629 NOVARUM
948 3582 1147 3630 annuemus
1168 3585 1213 3631 ΕΤ
1234 3585 1480 3634 ΡΒΟΡΒΙΕΤΔΤΕ
1503 3586 1578 3634 Ere.

296 3715 450 3783 Facultns
478 3717 616 3798 arcium,
659 3736 737 3779 suae
763 3712 964 3799 reipublicae
992 3716 1112 3801 optimc
1139 3715 1318 3780 consultum
1340 3739 1412 3782 esse
1432 3740 1562 3805 semper
1582 3741 1630 3782 cu·

215 3820 319 3906 piens,
341 3816 417 3882 olim
439 3815 520 3880 duas
542 3837 697 3902 proceras
719 3815 752 3876 in
774 3815 878 3877 sancti
905 3813 995 3878 Petri
1024 3813 1132 3901 platea
1165 3815 1277 3881 domos
1311 3818 1456 3903 propriis
1487 3820 1633 3882 maximis

176 3918 360 3984 30funditus
383 3917 565 3980 construxit
586 3915 752 4001 impensis,
775 3936 855 3999 quas
877 3914 937 3976 etsi
958 3912 1094 3977 haberet
1116 3913 1338 3994 charissimas,
1367 3917 1558 3982 succedente
1587 3927 1632 3981 ta·

217 4040 291 4082 men
312 4027 465 4102 tempore,
485 4013 772 4079 intervenientibus
794 4015 898 4076 eciam
920 4012 1022 4077 variis
1050 4013 1222 4078 multorum
1243 4015 1455 4098 tractatibus,
1487 4016 1548 4081 has
1578 4039 1633 4102 pro

222 4139 310 4181 nova
333 4116 436 4197 domo,
456 4117 490 4179 in
510 4115 611 4178 latere
633 4112 760 4197 collegii
782 4113 914 4176 maioris
937 4134 1051 4176 vorsus
1073 4114 1323 4199 septentrionem
1345 4116 1418 4196 sita,
1443 4139 1517 4180 cum
1541 4118 1633 4180 omni-

215 4216 276 4280 bus
296 4216 488 4295 attinenciis,
510 4216 544 4277 in
565 4211 800 4299 principalibus
823 4212 929 4276 literis
950 4210 1048 4276 latius
1069 4214 1244 4297 expressis,
1265 4222 1436 4283 contractu
1458 4215 1634 4281 inviolabili

213 4326 246 4379 et
264 4316 298 4378 in
320 4323 512 4400 perpetuum
533 4313 689 4377 duraturo
711 4313 929 4393 commutavit,
952 4311 1189 4403 complevitque
1212 4312 1347 4376 eandem
1370 4322 1467 4399 atque
1488 4315 1523 4378 in
1545 4326 1634 4402 parte

171 4415 365 4478 35anteriori
386 4435 504 4479 novam
526 4413 655 4477 omnino
676 4413 818 4498 propriis
843 4410 1066 4497 compluribus
1088 4416 1269 4475 construxit
1289 4413 1454 4499 impensis
1497 4414 1634 4500 Ideoque

215 4513 345 4579 ordinat
363 4523 395 4578 et
423 4512 550 4594 statuit,
593 4523 628 4575 ut
655 4521 793 4574 nuncet
820 4512 854 4575 in
881 4521 1073 4597 perpetuum
1094 4509 1200 4575 dictae
1221 4511 1361 4593 domus,
1394 4534 1469 4576 cum
1491 4514 1634 4579 omnibus

212 4614 395 4677 attinenciis
416 4613 451 4676 in
471 4610 572 4676 latere
595 4610 723 4696 collegii
756 4613 903 4693 maioris,
933 4621 968 4675 ut
994 4611 1190 4697 praefertur,
1224 4611 1322 4692 sitae,
1355 4611 1420 4675 sint
1440 4623 1473 4676 et
1501 4612 1635 4678 debeant

218 4734 289 4777 esse
321 4711 504 4777 antedictae
533 4710 680 4775 facultati
710 4712 833 4774 arcium
863 4713 1114 4797 appropriatae,
1156 4720 1191 4773 ut
1216 4710 1290 4795 ipsa
1316 4711 1352 4774 in
1377 4712 1425 4776 eis
1446 4723 1633 4800 perpetuam

301 4975 477 5116 lllldlllnlell
489 4975 640 5115 lltblllmvllob
658 5064 780 5131 spaterer
803 5059 886 5114 Hand
910 5057 1104 5130 geschrieben:
1139 5057 1366 5130 Quandoquideu
1382 5068 1448 5116 ma
1465 5062 1631 5133 waimis

219 5143 394 5200 baccalaurs'i
410 5147 465 5200 iam
482 5163 553 5199 aune
569 5145 649 5216 loupc
666 5145 812 5215 madores
829 5145 892 5199 aut.
