3756 6158
248 453 309 521 314
743 461 794 514 Dia
813 463 1032 531 philosophirche
1050 466 1178 520 Facultit.

249 644 323 700 ante
343 635 457 702 festum
480 642 584 705 sancti
608 640 768 731 Gregorii,
789 669 871 732 quae
893 648 953 712 fuit
974 648 1043 714 dies
1066 653 1168 715 sancti
1191 651 1336 716 Thomae
1358 648 1399 716 de
1419 650 1552 740 Aquino
1575 648 1661 738 (1111

247 739 304 797 dea
322 741 350 800 7.
371 735 486 825 Mara),
509 741 569 805 suh
592 742 752 810 decanatu
772 746 816 811 Μ.
836 747 1016 812 Hermanni
1039 749 1246 837 Schipmann.

773 934 882 941 *-

329 1041 356 1101 9.
385 1037 483 1103 Item¹
511 1041 696 1109 conclusum
719 1046 780 1112 fuit
810 1045 946 1115 sabbato
975 1059 1049 1114 ante
1070 1051 1186 1114 festum
1209 1051 1313 1114 sancti
1333 1049 1477 1114 Mathiae
1497 1053 1596 1127 (1412
1615 1055 1663 1112 den

246 1139 293 1202 20.
308 1141 474 1220 Februar),
495 1140 582 1206 nullo
598 1144 846 1229 contradicente,
867 1148 952 1236 quod
974 1148 1079 1214 nullus
1095 1148 1333 1236 promovendus
1353 1151 1387 1213 in
1407 1147 1534 1214 artibus
1549 1146 1664 1236 absque

204 1242 220 1296 5
248 1235 381 1320 speciali
410 1237 657 1325 dispensacione
686 1244 848 1310 facultatis
870 1259 963 1312 extra
991 1247 1076 1312 diem
1102 1249 1216 1312 ieiunii
1241 1249 1275 1311 in
1303 1270 1359 1313 suo
1386 1247 1526 1334 prandio
1548 1246 1663 1313 habere

246 1332 363 1399 debeat
393 1336 489 1422 plura
520 1360 615 1424 quam
647 1355 783 1426 quatuor
815 1344 865 1408 vel
899 1346 940 1410 ad
972 1348 1150 1412 maximum
1183 1340 1323 1434 quinque
1354 1346 1496 1430 fercula,
1528 1346 1662 1434 demptis

246 1454 351 1514 caseo,
371 1434 527 1500 fructibus
551 1448 583 1502 et
603 1441 749 1525 pastillis,
773 1440 836 1507 suh
854 1467 964 1531 poena,
978 1448 1072 1511 unius
1093 1469 1198 1512 novae
1218 1448 1427 1533 sexagenae.²

330 1538 377 1600 to.
399 1533 490 1617 Item,
517 1537 602 1623 quod
624 1540 728 1605 nullus
752 1545 991 1627 promovendus
1017 1545 1051 1609 in
1079 1545 1203 1610 artibus
1230 1547 1264 1611 in
1293 1568 1350 1611 suo
1378 1544 1519 1632 prandio
1547 1543 1661 1610 hahere

245 1628 363 1696 debeat
384 1635 494 1700 vinum
516 1636 669 1723 gallicum
690 1640 851 1723 rivolium,
873 1644 1051 1708 romaniam
1073 1645 1124 1710 vel
1146 1643 1350 1709 malivasiam
1372 1654 1428 1708 aut
1448 1643 1570 1709 similia
1591 1645 1662 1709 vina

208 1737 238 1791 10
248 1732 406 1816 preciosa,
434 1737 497 1799 nisi
519 1736 602 1801 forte
623 1739 761 1804 voluerit
782 1740 860 1819 dare
881 1744 915 1806 in
943 1742 1104 1831 principio
1125 1766 1256 1810 mensae
1277 1766 1337 1831 pro
1359 1744 1538 1813 intinctura
1558 1744 1661 1809 autin

244 1828 308 1893 fine
335 1832 422 1896 circa
448 1833 594 1900 ulfimum
620 1837 774 1903 ferculum
796 1840 848 1904 vel
873 1855 953 1928 post
979 1845 1112 1927 gratias,
1143 1843 1202 1909 sub
1230 1864 1335 1930 poena
1359 1842 1455 1907 unius
1482 1862 1660 1928 sexagcnae

245 1949 350 1993 novae
374 1930 520 2000 facultati
542 1937 809 2005 irremissibiliter
830 1939 1013 2006 solvendae.

756 2250 806 2312 23·
835 2263 914 2312 Vom
935 2263 1039 2313 Jabre
1058 2263 1146 2314 1411.

329 2364 389 2454 [ΒΙ.
411 2366 483 2459 521]
504 2371 598 2439 Anno
621 2374 742 2441 domini
760 2375 929 2444 ΜΟΟΟΟο
949 2375 1046 2441 XVII
1067 2375 1149 2441 feria
1168 2376 1281 2464 quinta
1301 2374 1376 2438 ante
1397 2372 1554 2459 Dyonisii
1575 2377 1661 2449 (1411

207 2474 236 2528 15
246 2472 303 2528 den
323 2475 349 2532 7.
374 2471 512 2542 October)
534 2473 567 2536 in
589 2473 749 2541 decanatu
770 2477 919 2562 magistri
941 2473 1123 2541 Borchardi
1143 2474 1287 2556 Plotzen,
1309 2473 1398 2537 facta
1419 2470 1519 2559 plena
1541 2494 1663 2559 congre

244 2567 375 2649 gatione
396 2571 624 2656 magistrorum
647 2570 687 2639 de
717 2574 849 2640 consilio
876 2574 1049 2656 facultatis,
1078 2582 1199 2639 statuta
1226 2573 1437 2659 infrascripta
1465 2573 1664 2655 unanimiter,

245 2664 330 2730 nullo
352 2669 603 2753 contradicente,
625 2684 700 2737 sunt
721 2673 880 2739 conclusa.

332 2773 356 2830 1.
378 2767 534 2851 Primum,
566 2771 651 2856 quod
681 2775 921 2838 examinatores
951 2794 1059 2848 eoram
1090 2770 1243 2837 facultate
1270 2767 1400 2858 publice
1427 2777 1460 2833 et
1487 2769 1566 2834 viva
1594 2792 1665 2834 voce

246 2866 434 2949 promittent
456 2869 490 2933 in
512 2872 716 2936 conscientiis
739 2894 859 2950 eorum,
882 2871 968 2959 quod
990 2870 1092 2936 solum
1115 2859 1230 2957 dignos
1253 2868 1424 2934 admittere
1444 2867 1547 2933 velint
1566 2882 1598 2934 et
1618 2891 1665 2934 eos

203 2961 366 3048 wloeare,
391 2988 456 3031 non
483 2976 591 3033 tamen
620 2968 728 3035 statim
755 2971 813 3036 sed
841 2982 914 3058 post
941 2969 1087 3058 quartale
1113 2971 1208 3034 unius
1235 2969 1322 3033 anni.
1363 2967 1406 3032 Et
1435 2965 1509 3032 illos
1536 2966 1665 3033 faculas

244 3071 374 3148 reputat
396 3065 523 3152 dignos,
548 3070 602 3154 qui
630 3069 741 3157 pulcre
765 3069 952 3156 intelligunt
979 3070 1012 3133 in
1039 3069 1262 3155 grammatica,
1291 3064 1324 3130 in
1350 3068 1464 3154 parvis
1492 3066 1665 3155 loycalibns

245 3171 277 3226 et
296 3165 398 3228 veteri
420 3175 501 3248 arte,
525 3177 557 3232 et
579 3180 798 3256 competenter
811 3173 852 3234 ,in
872 3167 944 3234 aliis
966 3166 1067 3233 libris.

327 3267 356 3327 2.
385 3263 484 3347 Item,
517 3267 603 3354 quod
634 3268 737 3333 solum
770 3268 832 3334 duo
864 3269 943 3332 fiant
974 3268 1126 3332 examina
1156 3264 1482 3331 baccalariandorum
1514 3266 1548 3330 in
1579 3288 1666 3348 anno,

246 3382 345 3424 unum
369 3362 457 3427 circa
476 3365 592 3431 festum
613 3367 782 3433 Michaelis
805 3377 837 3432 et
858 3365 946 3432 aliud
967 3367 1000 3430 in
1020 3367 1139 3431 ieiunio
1162 3364 1362 3453 temporibus
1384 3366 1558 3430 consuetis.

205 3468 237 3522 25
336 3465 363 3527 3.
386 3462 467 3527 Item
489 3464 596 3529 nullus
620 3465 716 3531 debet
737 3466 779 3531 ad
807 3489 943 3531 examen
972 3463 1210 3529 ha'ccalariatus
1236 3466 1269 3545 in
1293 3462 1418 3529 artibus
1446 3463 1584 3548 admitti,
1612 3465 1666 3528 nisi

247 3560 337 3645 prius
368 3564 456 3626 stetit
482 3564 515 3628 in
543 3567 712 3630 exerciciis
740 3569 773 3629 in
801 3565 887 3630 hunc
914 3563 1061 3629 modurn:
1091 3564 1188 3628 semel
1217 3565 1250 3628 in
1265 3565 1392 3651 parvis
1418 3562 1604 3651 loycalibus
1630 3562 1667 3628 ad

246 3659 361 3742 minus,
389 3662 486 3725 semel
513 3663 546 3726 in
569 3663 755 3749 sophistria‚
782 3664 888 3729 bisin
909 3665 1010 3727 veteri
1035 3675 1114 3745 arte,
1143 3661 1241 3729 semel
1268 3662 1302 3726 in
1323 3684 1410 3728 nova
1438 3661 1545 3751 loyca,
1575 3661 1665 3728 semel

244 3758 278 3821 in
307 3757 505 3844 phisicorum
535 3772 566 3825 et
594 3763 692 3827 semel
722 3766 756 3827 in
784 3763 824 3827 de
852 3764 976 3845 anima3
1008 3773 1040 3826 et
1062 3785 1121 3848 pro
1149 3773 1294 3848 tempore
1320 3784 1387 3827 non
1415 3760 1550 3828 habebit
1579 3762 1666 3851 plura

247 3859 409 3923 exercicia
431 3882 527 3947 quam
551 3860 623 3943 duo,
646 3875 784 3950 excepta
807 3863 992 3950 sophistria,
1016 3863 1128 3946 quam³
1150 3884 1210 3948 pro
1230 3862 1331 3926 tercio
1351 3858 1474 3926 habere
1496 3872 1613 3950 potest

204 3963 238 4019 30
332 3964 358 4022 4.
380 3958 461 4022 Item
482 3958 588 4023 nullus
610 3959 706 4025 debet
732 3963 915 4047 promoveri
944 3960 986 4024 ad
1016 3958 1152 4046 gradum
1173 3959 1423 4042 baccalariatus,
1450 3962 1506 4049 qui
1526 3964 1665 4050 priusin

246 4053 311 4118 alia
334 4059 544 4122 universitate
572 4083 636 4125 non
658 4061 759 4142 stetit,
782 4062 845 4124 nisi
872 4060 915 4125 ad
943 4062 1049 4123 minus
1077 4061 1111 4125 in
1139 4061 1203 4123 ista
1224 4058 1435 4125 universitate
1467 4061 1556 4125 stetit
1582 4061 1664 4150 quasi

246 4152 288 4217 ad
319 4153 453 4219 alterum
484 4156 625 4222 medium
654 4182 788 4242 annum3
820 4170 852 4234 et
878 4159 940 4224 hoc
962 4149 1078 4245 ‘quasi'
1107 4181 1171 4224 non
1196 4150 1457 4246 diminuet‘plus
1489 4182 1587 4248 quam
1615 4182 1664 4224 scr

246 4254 454 4339 septimanas.

330 4360 359 4417 5.
390 4353 470 4418 ltem
499 4357 713 4442 magistrandi
743 4355 864 4423 nullum
894 4357 1016 4447 eligant
1044 4359 1077 4420 in
1107 4353 1438 4423 recommendatorem
1469 4380 1581 4424 eorum
1609 4358 1661 4424 nisi

208 4461 418 4535 35rectorem,
440 4456 467 4519 si
487 4455 583 4519 fuerit
604 4455 645 4522 de
666 4457 832 4539 facultate3
855 4459 981 4521 sivero
1003 4477 1067 4520 non
1087 4455 1184 4519 fuerit
1204 4453 1245 4518 de
1265 4454 1430 4538 facultate,
1452 4466 1530 4523 turm
1552 4458 1661 4545 eligant

248 4550 406 4617 decanum
427 4551 590 4619 facultatis
614 4555 766 4620 eiusdem.
816 4553 819 4562 ’

328 4659 355 4719 6.
383 4655 465 4719 Item
494 4653 630 4741 quilibet
657 4656 821 4740 magister,
849 4653 902 4718 hio
929 4655 963 4718 in
985 4653 1194 4717 universitate
1223 4663 1401 4740 promotus,
1430 4654 1610 4742 disputabit
1632 4654 1658 4718 in

324 4891 335 4940 t
356 4887 420 4943 Von
436 4885 578 4941 derselhen
595 4885 688 4954 Hand,
705 4885 817 4941 diadas
834 4884 1065 4956 Voraufgehende
1083 4884 1108 4954 (t
1124 4883 1172 4954 ·-8)
1189 4882 1369 4953 geachrieben
1386 4884 1443 4942 hat
1509 4895 1514 4903 ‘

322 4975 337 5025 2
354 4969 457 5025 llierzu
474 4969 512 5023 iat
529 4973 623 5040 opiter
641 4987 685 5023 am
703 4966 800 5024 Rande
817 4968 953 5023 bernerlrt:
972 4969 1021 5022 abi
1038 4969 1172 5036 habenas,
1191 4975 1222 5021 at
1238 4968 1305 5023 liaeo
1322 4968 1392 5024 dore
1404 4969 1546 5043 poesim
1564 4969 1632 5025 titt!

323 5058 437 5122 aquaem
463 5054 544 5109 stand
569 5052 764 5125 geaehrichen3
789 5052 876 5107 durch
899 5051 1083 5106 Auaradieren
1109 5051 1156 5105 des
1179 5050 1393 5123 iiherliegonden
1418 5048 1607 5120 Quentricher
1625 5050 1653 5104 ist

245 5136 348 5190 darana
364 5143 440 5206 qaod
453 5137 589 5211 gemacht
