3756 6158
252 469 313 534 320
741 467 792 517 Die
813 466 1033 533 philosophischc
1050 466 1178 517 Facultit,

251 650 285 714 in
314 645 544 712 collacionibus
572 655 628 711 aut
652 647 809 734 prandiis,
838 647 894 712 ubi
922 647 1020 711 talem
1044 646 1097 711 vel
1124 646 1207 711 tales
1230 668 1302 711 esse
1329 646 1470 727 sciverit,
1497 643 1605 727 fuerit,
1626 644 1671 710 rel

253 750 286 811 in
307 745 513 813 habitacione
535 768 594 810 sua
619 747 831 811 concubinam
851 745 982 834 publice
1004 748 1153 828 tenuerit,
1173 745 1226 810 vel
1247 745 1353 810 locum
1375 753 1571 832 suspectum,
1591 743 1672 808 vide

251 847 327 911 licet
355 842 578 931 prostibulum,
604 847 794 930 visitaverit,
822 857 879 911 aut
906 847 934 910 si
963 844 1088 910 dehoc
1114 854 1283 932 suspectus
1305 868 1339 909 se
1362 865 1550 931 expurgare
1570 845 1672 930 nequi·

251 946 335 1009 verit
362 942 414 1007 vel
447 942 488 1007 de
515 943 577 1008 hoc
604 947 770 1010 convictus
798 946 911 1028 fuerit,
942 944 1015 1009 talis
1043 945 1085 1008 sit
1113 942 1266 1008 inhabilis
1296 941 1340 1008 ad
1369 953 1460 1008 actus
1491 941 1672 1008 scolasticos

212 1056 227 1110 t
254 1042 487 1109 exercendum¹
517 1053 549 1107 et
580 1043 622 1107 ad
655 1044 793 1130 aliquem
823 1043 875 1109 vel
906 1043 1031 1131 aliquos
1062 1043 1316 1129 promovendum
1347 1042 1390 1107 ad
1420 1064 1522 1126 unum
1549 1063 1672 1124 annum,

252 1164 320 1207 nec⁴
335 1141 378 1207 ad
401 1141 571 1207 consilium
592 1142 767 1225 facultatis,
796 1148 824 1208 si
846 1143 886 1209 de
908 1144 995 1208 facto
1015 1144 1050 1206 in
1071 1165 1108 1209 eo
1129 1165 1194 1208 non
1212 1144 1324 1225 fuerit,
1350 1143 1414 1207 nisi
1438 1163 1474 1212 se
1501 1143 1673 1206 correxerit

253 1253 286 1308 et
304 1241 453 1308 facultati
474 1264 572 1329 super
591 1242 654 1308 hoc
673 1242 884 1308 sufficientem
905 1240 1073 1309 emendam
1092 1242 1215 1325 fecerit,
1238 1251 1430 1308 assumatur.

645 1426 649 1442 .,
736 1381 764 1440 4.
787 1393 835 1469 on
857 1391 1001 1440 reanum
1021 1390 1177 1439 renarra.

336 1490 418 1556 Item
429 1488 536 1555 nullus
558 1493 789 1576 magistrorum
810 1499 916 1579 portet
936 1487 1071 1576 pallium
1092 1511 1134 1553 ex
1145 1474 1285 1577 utroque
1301 1489 1404 1556 latere
1424 1488 1477 1557 vel
1497 1512 1564 1556 uno
1586 1512 1671 1576 sper·

214 1601 322 1657 totum
351 1612 424 1654 cum
453 1587 575 1675 yopula
604 1588 654 1653 vel
683 1589 850 1672 tunicella,
881 1610 964 1674 quae
994 1610 1060 1652 non
1096 1588 1299 1675 protenditur
1332 1590 1419 1656 ultra
1453 1611 1574 1677 genua
1613 1587 1671 1670 Qui

253 1694 281 1756 si
302 1689 499 1754 contrarium
520 1687 641 1771 fecerit,
664 1710 722 1775 per
748 1695 817 1753 tres'
835 1710 962 1753 menses
986 1686 1029 1753 ab
1050 1684 1177 1752 actibus
1207 1687 1388 1754 scolasticis
1409 1697 1441 1753 et
1463 1689 1670 1776 promotioni·

252 1791 314 1856 bus
341 1785 499 1853 faciendis
528 1788 571 1850 sit
601 1809 794 1878 suspensus3
824 1789 852 1852 si
880 1795 957 1852 ve'ro
988 1784 1190 1851 baccalarius
1220 1797 1279 1865 ‚aut
1309 1786 1451 1874 simplex
1481 1787 1615 1853 studens
1643 1788 1672 1853 in

254 1888 377 1955 artibus
400 1885 462 1951 hoc
483 1886 605 1968 fecerit,
627 1886 661 1951 in
683 1874 817 1964 dimidio
839 1885 961 1951 floreno
981 1879 1043 1971 per
1065 1883 1223 1950 decanum
1244 1885 1408 1977 facultatis
1428 1888 1595 1975 puniatur.
1614 1885 1671 1968 Qui

255 1989 282 2055 si
305 2009 339 2052 se
361 1987 560 2073 opposuerit,
583 1986 626 2050 ad
646 1983 815 2050 ulteriores
836 1985 1059 2072 promociones
1080 1985 1115 2048 in
1136 1983 1260 2051 artibus
1284 2000 1350 2051 non
1370 1986 1571 2061 admittatur.

801 2155 1133 2181 —.-.—...-.1...—...-.

214 2301 244 2356 ts
337 2294 366 2354 5.
395 2282 456 2374 [Bt.
478 2282 551 2372 56⁸]
581 2285 661 2350 Item
691 2307 785 2367 anno,
817 2310 879 2375 quo
911 2309 1025 2373 supra,
1055 2284 1108 2351 die
1136 2287 1328 2370 immensis
1349 2285 1504 2353 Octobris
1534 2289 1669 2369 (itast

256 2395 303 2456 12,
327 2382 465 2472 October)
496 2394 648 2450 statutum
675 2385 736 2449 fuit
765 2409 824 2473 per
851 2384 1037 2450 facultatem
1067 2379 1269 2466 concorditer
1297 2395 1330 2451 et
1358 2384 1562 2470 conclusum,
1591 2385 1669 2476 quod

253 2485 359 2560 nullus
381 2487 513 2550 accione
533 2481 584 2547 vel
605 2482 740 2566 ulcione,
759 2508 818 2572 per
840 2508 874 2550 se
895 2483 947 2549 vel
967 2506 1027 2571 per
1048 2483 1158 2567 alium,
1179 2484 1300 2550 directe
1319 2484 1371 2550 vel
1390 2485 1668 2570 indirecta-verbo

254 2595 311 2651 aut
330 2585 417 2649 facto
439 2583 491 2649 vel
512 2588 702 2670 quocunque
724 2582 787 2650 alio
809 2585 911 2650 modo*
927 2587 1064 2675 impetat
1084 2584 1137 2649 vel
1163 2583 1312 2668 molestet
1340 2584 1480 2673 aliquem
1509 2585 1551 2652 dc
1578 2588 1668 2672 magi·

255 2688 330 2749 stris
354 2682 406 2748 vel
435 2680 709 2748 examinatoribus
738 2705 797 2769 pro
825 2707 872 2766 eo,
905 2682 990 2771 quod
1020 2678 1163 2769 aliquem
1184 2682 1224 2747 de
1252 2683 1319 2747 suis
1346 2682 1390 2748 ad
1416 2683 1557 2770 gradum
1577 2686 1667 2770 magi·

212 2785 347 2850 20sterii
368 2782 421 2848 vel
443 2781 679 2847 baccalariatus
703 2804 744 2846 ex
766 2805 874 2857 causa,
887 2782 1073 2847 rationabili
1095 2805 1159 2847 non
1184 2781 1316 2846 admisit
1336 2781 1388 2846 vel
1414 2784 1521 2847 eciam
1542 2783 1667 2848 eundem

254 2886 346 2948 iuxta
368 2883 602 2947 conscienciam
626 2889 771 2945 suamet
798 2883 1012 2946 iuramentum
1040 2891 1205 2969 tamquam
1235 2879 1405 2966 indignum
1432 2883 1556 2948 reiecit.
1595 2882 1668 2951 Con·

254 2985 389 3049 trarium
412 2982 535 3046 faciens
561 2978 645 3044 ultra
671 2991 796 3043 reatum
825 2981 969 3066 periurii,
997 2980 1084 3067 quod
1111 2982 1189 3067 ipso·
1206 2981 1292 3052 facto
1305 2982 1470 3065 incurrit,
1499 2990 1533 3047 et
1552 2992 1667 3048 centurn

254 3082 450 3148 florenorum
472 3101 621 3167 poenam,
643 3079 784 3166 quorum
802 3074 958 3144 medietas
983 3078 1078 3144 cedat
1098 3078 1147 3144 illi
1168 3079 1221 3144 vel
1241 3078 1318 3161 illis,
1339 3101 1435 3166 quem
1456 3078 1510 3145 vel
1530 3076 1610 3167 quos
1630 3083 1667 3145 sic

254 3181 382 3267 impetit
400 3178 453 3244 vel
480 3177 637 3260 molestat,
667 3179 732 3244 alia
753 3174 909 3259 medietas
932 3177 1027 3243 cedat
1048 3177 1207 3260 facultati,
1235 3179 1337 3242 eciam
1358 3189 1517 3265 perpetuo
1539 3202 1561 3245 a
1579 3179 1666 3246 facul·

213 3290 322 3346 25tate
348 3280 472 3342 arcium
499 3279 541 3342 sit
562 3277 721 3343 exclusus.
763 3277 905 3342 Tenetur
927 3278 1028 3341 eciam
1056 3276 1193 3342 facultas
1220 3276 1268 3341 illi
1289 3275 1340 3341 vel
1368 3275 1444 3359 illis,
1471 3280 1527 3368 qui
1553 3280 1601 3345 sic
1619 3280 1665 3343 im·

256 3380 378 3466 petitur
399 3376 450 3462 uel
470 3378 677 3461 impetuntur,
699 3377 887 3443 molestatur
901 3375 953 3440 vel
973 3375 1194 3457 molestantur,
1215 3375 1346 3440 realiter
1366 3398 1441 3440 cum
1462 3368 1588 3457 effectu
1600 3379 1665 3443 assi·

256 3489 340 3542 stere
366 3488 414 3559 et,
447 3479 476 3539 si
497 3498 578 3562 opus
599 3478 710 3559 fuerit,
740 3478 844 3540 eciam
866 3475 925 3540 sub
949 3477 1102 3561 expensis
1122 3474 1285 3539 facultatis
1305 3476 1448 3562 propriis
1470 3476 1607 3542 eundem
1624 3473 1665 3539 vel

256 3575 397 3656 eosdem,
425 3576 528 3639 eciam
550 3597 570 3639 a
595 3576 848 3662 quibuscunque,
877 3577 954 3640 totis
974 3573 1099 3638 viribus
1127 3573 1296 3639 defensare
1322 3585 1370 3658 et,
1400 3586 1557 3663 quantum
1583 3577 1616 3640 in
1633 3596 1663 3639 ea

255 3676 360 3758 fuerit,
382 3696 570 3740 assecurare
593 3697 653 3740 nec
676 3698 740 3740 non
759 3674 899 3740 totaliter
921 3673 1103 3759 exbrigare.

608 4032 659 4095 28.
681 4032 846 4107 speratis
866 4033 1104 4110 nordpetrupeae
1124 4025 1324 4091 ΒεεπσΙιὶίὶᾱεε.2

752 4194 776 4242 a,
794 4196 854 4230 sus
868 4166 943 4231 dem
959 4179 1063 4231 Jahre
1080 4181 1169 4245 reto.

362 4329 553 4379 assumto
575 4329 621 4376 AD
645 4327 831 4377 constamus
852 4329 1065 4378 recemum
1085 4329 1201 4377 DEBE'I'
1222 4329 1304 4378 ESSE
1326 4330 1498 4380 bescleel
1517 4323 1577 4379 eie.

288 4435 291 4440 ’
339 4446 420 4511 Item
449 4467 533 4510 anno
563 4444 684 4508 domini
706 4441 1007 4511 M⁰OOOOXL111
1035 4446 1069 4510 in
1096 4445 1256 4510 decanatu
1283 4447 1433 4532 magistri
1459 4444 1609 4512 Andreae
1632 4442 1664 4507 dc

207 4557 209 4561 ’
259 4545 457 4627 Namslavia,
484 4544 570 4609 facta
592 4543 689 4631 plena
709 4545 966 4630 congregacione
986 4547 1216 4631 magistrorum
1237 4543 1277 4608 de
1297 4544 1432 4610 consilio
1453 4543 1664 4628 fundensis

337 4719 348 4766 t
369 4710 425 4765 Die
442 4709 563 4781 Endung
581 4709 618 4762 ist
635 4707 795 4780 abgekiirrt.
819 4706 906 4763 Sollte
923 4725 952 4763 es
969 4707 1019 4762 das
1035 4708 1177 4766 Gerundiv
1195 4709 1262 4777 sein,
1279 4726 1309 4763 so
1326 4708 1402 4764 hatte
1419 4725 1448 4765 es
1465 4709 1504 4763 im
1520 4706 1662 4780 folgenden

258 4795 366 4851 heissen
385 4798 495 4849 miisscn
511 4795 726 4864 pronconsulem
741 4792 785 4846 oet
797 4794 1007 4863 promovendos.

331 4883 346 4934 2
364 4878 411 4933 Sic
427 4877 489 4931 siud
507 4894 562 4932 von
579 4882 594 4932 2
611 4876 766 4944 thulichen,
791 4875 857 4930 aber
874 4874 946 4930 doch
963 4873 1037 4930 wohl
1053 4876 1132 4931 nicht
1154 4875 1324 4932 identischen
1340 4871 1459 4933 Hiudcn
1483 4875 1547 4932 sehr
1563 4872 1662 4941 tituta

259 4963 310 5017 auf
323 4963 378 5018 den
403 4962 459 5017 leer
478 4960 656 5032 gebliebenen
675 4961 763 5015 Mum
781 4960 870 5014 dieser
887 4959 961 5015 Seite
984 4959 1171 5030 geschriebcn,
1198 4979 1233 5015 au
1255 4960 1330 5016 einer
1346 4960 1409 5015 Zeit
1431 4961 1474 5016 als
1496 4960 1593 5017 bertila
1611 4958 1660 5014 tint

259 5064 329 5100 neue
353 5045 625 5101 Statuteuredaction
644 5044 749 5115 vorlag.
785 5043 840 5099 Die
860 5044 943 5101 letzto
959 5043 1033 5103 Zeile
1054 5045 1092 5099 ist
1114 5044 1186 5101 beim
1206 5042 1395 5128 Beschneiden
1420 5045 1469 5135 des
1491 5044 1596 5103 Burbu
1612 5056 1657 5097 rte

256 5128 334 5187 lorcu
349 5145 503 5202 gegangcn.
