3756 6158
698 507 701 511 .
766 466 861 529 Einige
879 464 960 515 'tltere
979 468 1139 517 Formnlnre.

582 686 611 745 3.
636 698 682 744 nn
705 698 854 746 sreusro
879 698 998 747 cnunc
1020 699 1087 746 vnn
1108 692 1285 746 uneruno.

316 811 398 875 Item
427 819 535 875 rector
563 811 643 877 nulli
671 812 768 878 debet
795 812 875 879 dere
903 816 1065 900 signetum
1093 815 1157 880 nisi
1183 814 1297 880 audite
1322 835 1423 880 cause
1450 823 1484 879 et
1511 813 1668 902 qualitate

233 931 401 998 personae,
424 918 538 974 eontra
559 933 656 997 quam
675 923 724 976 est
745 912 915 998 agendum.
946 912 1091 993 Quodsi
1112 935 1212 978 eausa
1232 923 1283 979 est
1303 913 1395 996 levis,
1416 921 1540 978 extunc
1559 925 1667 980 rector

232 1032 275 1074 ex
296 1032 330 1073 se
349 1011 423 1095 ipsc
445 1019 553 1097 potest
573 1009 652 1076 dere
672 1013 843 1096 signetum,
871 1011 929 1077 sed
950 1014 978 1078 si
1000 1035 1099 1078 earne
1127 1012 1226 1078 fuerit
1246 1013 1361 1096 ardua,
1388 1014 1595 1079 cessionarin
1614 1013 1668 1078 vel

190 1121 296 1174 enon
324 1110 533 1192 cessionarie,
560 1118 681 1183 extunc
707 1121 814 1179 rector
837 1120 965 1177 tenetur
992 1134 1066 1178 eum
1092 1121 1230 1200 quatuor
1260 1112 1456 1180 consiliariis
1482 1111 1669 1178 senioribus

232 1216 371 1296 quatuor
396 1211 570 1274 nacionum
598 1208 639 1275 de
667 1209 801 1275 consilio
828 1212 1050 1277 universitatis
1085 1211 1198 1278 audire
1226 1234 1360 1277 eausam
1393 1222 1427 1277 ct
1455 1211 1668 1278 condiciones

233 1331 351 1373 causae
373 1319 407 1373 et
426 1309 614 1393 qualitatem
636 1331 806 1395 personae,
833 1321 946 1375 eontra
968 1334 1066 1396 quem
1088 1321 1137 1376 est
1165 1310 1336 1396 agendum,
1368 1310 1409 1376 de
1431 1334 1574 1400 querum
1597 1333 1667 1377 con·

235 1430 331 1472 sensu
352 1418 460 1473 rector
482 1408 639 1479 concedet
660 1408 712 1473 vel
733 1418 829 1494 neget
851 1411 1014 1495 signetum
1036 1432 1095 1496 pro
1119 1432 1218 1475 cause
1238 1409 1363 1476 eadem.

644 1580 673 1639 4.
699 1592 746 1639 ns
768 1590 971 1640 mnsnnnro
994 1592 1230 1640 pseusennes.

195 1715 228 1769 10
318 1706 398 1770 Item
429 1706 563 1793 quilibet
591 1707 704 1773 volens
734 1706 879 1773 obtinere
909 1709 1070 1794 signetum
1100 1730 1160 1795 pro
1194 1729 1295 1772 cause
1325 1703 1520 1773 intentanda
1550 1710 1668 1775 virtute

175 1827 178 1832 ·
237 1806 470 1870 conservatorii
498 1807 582 1871 iuret
609 1808 739 1889 rectori,
764 1807 848 1872 velle
874 1806 990 1872 cedere
1019 1829 1139 1872 causae
1166 1817 1198 1872 et
1227 1806 1293 1890 liti,
1320 1804 1585 1896 quandocunque
1611 1830 1668 1896 per

237 1905 479 1969 universitatem
503 1903 546 1968 ad
567 1905 800 1992 resignandum
820 1907 918 1972 fuerit
938 1908 1123 1992 requisitus.

455 2066 458 2071 ’
572 2077 603 2138 5.
624 2089 792 2149 Qusurun
812 2089 929 2137 nenne
950 2089 1035 2137 unni
1056 2089 1103 2136 nn
1126 2087 1287 2137 menneo.

318 2204 400 2267 Item
421 2203 577 2289 magister
598 2205 702 2290 gratis
721 2203 840 2269 habeat
862 2205 1033 2290 signetum,
1061 2202 1266 2271 baccalariue
1294 2203 1350 2270 det
1374 2226 1478 2270 unum
1506 2224 1667 2289 messum,

198 2312 229 2368 15
239 2302 378 2389 simplex
399 2300 532 2368 studens
555 2313 630 2368 ectu
651 2325 805 2390 praesens
829 2302 883 2367 det
903 2322 928 2367 11
946 2325 1089 2390 grossos,
1110 2302 1228 2370 absens
1248 2320 1287 2368 111
1308 2327 1363 2390 gn-
1378 2302 1482 2369 debit.

718 2473 747 2535 6.
780 2487 827 2533 nn
849 2487 963 2535 rnsrn
984 2486 1165 2534 suenonis.

319 2602 402 2665 Item
422 2610 528 2666 rector
549 2600 670 2665 hebent
690 2603 824 2666 terciam
851 2612 979 2688 partem
1006 2601 1046 2667 de
1076 2603 1201 2687 signeto
1228 2612 1361 2688 propter
1391 2601 1556 2689 speciales
1582 2599 1667 2666 lebo-

238 2722 301 2782 res,
323 2722 403 2784 quos
427 2700 506 2764 feeit
527 2701 615 2765 circe
636 2724 731 2766 usum
752 2701 996 2767 conservatorii.

777 2873 804 2933 7.
835 2882 955 2931 nonni
978 2883 1127 2932 smunrr.

197 3009 231 3065 20
325 2998 392 3063 Nes
407 2998 465 3081 .N.,
487 3007 592 3064 rector
604 2998 709 3064 almae
723 2989 947 3066 universitatis
963 2999 1060 3064 studii
1075 2999 1268 3084 Lypeensis,
1280 2999 1547 3084 recognoscimus
1560 3008 1668 3064 tenere

239 3099 475 3187 praeseneium,
497 3097 627 3185 publice
650 3099 848 3185 profitentes,
869 3097 1043 3162 discretum
1064 3099 1171 3162 virum
1195 3097 1253 3179 .N.,
1275 3097 1429 3162 clericum
1440 3097 1489 3162 .N.
1511 3097 1669 3184 dyocesis,

238 3201 272 3263 in
294 3198 420 3264 artibus
442 3196 508 3281 (vel
530 3199 563 3262 in
585 3196 748 3283 theologia
769 3200 842 3278 etc.)
872 3207 946 3261 actu
973 3197 1163 3278 studentem,
1190 3206 1321 3262 nostrae
1348 3198 1575 3262 universitatis
1601 3219 1669 3262 esse

239 3297 420 3363 membrum
440 3296 522 3362 bene
542 3298 692 3362 meritum
721 3306 817 3383 etque
844 3295 988 3382 dignum,
1016 3301 1066 3361 eui
1088 3299 1121 3361 in
1144 3298 1259 3360 cause¹
1282 3295 1341 3360 tali
1365 3318 1416 3377 .n.,
1439 3306 1556 3362 contre
1576 3319 1669 3385 quen·

239 3397 315 3463 dem
338 3398 384 3463 .N.
406 3399 603 3483 armigerum
632 3395 695 3474 (vel
718 3397 823 3459 civem
845 3391 927 3472 ete.)'
946 3396 1020 3461 telis
1042 3390 1111 3461 =leei
1134 3421 1185 3477 .n.,
1214 3395 1363 3482 dyocesis
1392 3418 1444 3477 .n.,
1471 3394 1669 3476 intentando,

196 3506 395 3585 25preesens
416 3499 574 3582 signetsun
599 3495 804 3561 decrevimus
834 3496 1012 3585 assignare,
1040 3495 1083 3560 ad
1111 3495 1209 3559 eliam
1239 3493 1303 3572 (vel
1325 3493 1419 3569 alies)
1443 3516 1578 3559 causum
1607 3493 1671 3571 (vel

240 3601 370 3674 causes)
393 3598 526 3661 minime
546 3595 732 3660 valiturum.
765 3592 887 3658 Datum
916 3614 999 3660 anno
1012 3594 1146 3660 ‘domini
1166 3595 1220 3658 Μ0
1239 3603 1299 3659 etc.
1327 3592 1379 3657 die
1400 3592 1531 3658 decima
1551 3595 1670 3660 mensis

238 3696 375 3784 Aprilis,
398 3697 500 3761 nostri
523 3694 622 3760 officii
642 3694 703 3760 sub
726 3692 859 3778 sigillo.²

322 4054 362 4110 In
381 4053 450 4112 Joo.
471 4054 598 4129 Brepa’s
619 4044 780 4126 Abselrift¹
802 4053 857 4110 der
881 4049 1029 4109 Matrtlccl
1054 4047 1100 4124 (in
1119 4041 1177 4123 A'')
1206 4049 1245 4106 ist
1270 4048 1345 4106 neuls
1374 4047 1422 4105 ein
1449 4046 1567 4106 zweitee
1596 4047 1671 4106 Fore

239 4153 338 4209 mutar
358 4151 558 4230 Mezupefltqt,
580 4154 701 4211 welches
722 4154 833 4211 luctet:
885 4236 887 4241 Α
1463 4152 1466 4156 ’

918 4317 959 4378 ,8,

197 4451 232 4509 30
322 4443 390 4508 Nos
411 4442 571 4510 Iohannes
599 4445 657 4528 .N.,
688 4454 796 4510 rector
824 4444 929 4510 almae
956 4441 1179 4508 universitatis
1207 4440 1306 4506 studii
1327 4440 1533 4527 Lipczensis,
1562 4452 1671 4509 tenore

240 4543 461 4630 praesentium
487 4544 764 4631 recognoscimus,
793 4551 829 4608 ut
850 4543 983 4607 disereti
1005 4542 1061 4625 .N.,
1089 4550 1221 4606 nostrae
1244 4542 1469 4606 universitatis
1492 4542 1668 4630 supposita,

241 4652 335 4707 extre
365 4641 482 4708 bursas
511 4664 696 4707 communes
723 4644 952 4727 magistrorum
981 4641 1102 4706 mereri
1131 4643 1200 4705 sive
1228 4649 1317 4705 stare
1336 4640 1470 4705 valeant
1497 4663 1602 4729 usque
1629 4638 1669 4707 nd

312 4879 322 4928 1
344 4875 378 4928 In
399 4874 443 4930 A''
462 4876 550 4930 leutet
567 4893 596 4930 es
614 4875 720 4930 weiter:
742 4891 789 4928 sen
811 4873 918 4942 canen,
940 4891 1023 4942 pisam
1044 4872 1088 4925 vel
1111 4889 1181 4941 qnae
1204 4888 1311 4926 movere
1328 4871 1446 4925 intendit
1463 4879 1563 4926 eontm
1580 4879 1605 4926 et
1621 4873 1667 4926 ud

240 4974 334 5012 verm
350 4959 387 5012 N.
406 4960 572 5028 metipsum
588 4957 642 5027 (nel
659 4960 745 5014 decu
764 4958 824 5029 ete)
842 4955 908 5011 tolie
924 4955 981 5010 lori
997 4955 1035 5008 N.
1054 4956 1173 5010 diocese
1187 4972 1320 5025 ponere
1335 4955 1471 5023 dmum
1486 4973 1517 5038 u.¹
1531 4972 1603 5012 Η,

310 5045 325 5095 2
345 5041 404 5096 Der
421 5041 535 5097 Schluss
553 5043 642 5098 leutet
658 5044 687 5096 in
706 5041 765 5097 A'':
786 5043 885 5096 menese
902 5039 982 5109 Μαί]
999 5046 1150 5093 rectoratus
1168 5040 1218 5092 crab
1234 5039 1337 5107 sigillo.
1366 5037 1408 5092 lin
1423 5038 1552 5094 Libellus
1570 5038 1665 5095 lumn-

243 5123 310 5179 laris
328 5123 393 5179 Nro.
415 5131 462 5180 100
480 5123 567 5180 findet
583 5125 643 5181 sich
660 5126 705 5181 ein
724 5126 840 5182 anderes
857 5122 1012 5180 Formuler.
1047 5121 1100 5177 Die
1123 5121 1269 5177 Abschrift
1289 5122 1380 5177 dieser
1403 5122 1516 5180 Artikcl
1540 5123 1578 5178 im
1594 5120 1665 5177 nei·
