3756 6158
273 501 313 562 94
610 542 621 564 ,
758 496 809 548 Die
827 494 947 548 saman
962 510 1024 548 rom
1037 496 1119 547 Jshrs
1132 498 1205 563 15⁴8,

274 680 349 744 dum
374 699 414 741 ne
444 676 530 766 quod
557 677 710 743 offeratur
804 699 843 743 us
864 698 928 743 uno
946 684 1090 743 nostrate
1113 678 1277 745 nummulo
1298 679 1349 745 sit
1389 677 1443 742 De
1463 676 1515 743 his
1539 675 1689 742 omnibus

271 788 378 845 rector
404 800 461 842 suo
488 786 634 864 tempore
660 699 804 842 ediegidl
821 777 1016 843 conveniens
1036 787 1197 866 proponet
1217 787 1250 844 et
1269 777 1422 844 mulctam
1445 779 1626 864 exprimet,
1646 775 1688 840 ab

273 876 535 944 inobedientibus
556 877 679 964 absque
698 876 796 942 venia
815 875 1022 964 exigendam.

830 1061 997 1113 Statutnm
1018 1062 1131 1114 xxxn.

247 1175 263 1229 5
843 1178 890 1225 Dr:
913 1177 1116 1226 sumamus

357 1293 512 1359 Similiter
535 1303 568 1359 et
586 1295 735 1359 funerum
757 1291 918 1375 deductio,
940 1313 1013 1357 cum
1034 1292 1151 1379 aliquis
1172 1292 1213 1358 de
1236 1314 1373 1380 corpore
1392 1292 1618 1358 universitatis
1634 1312 1691 1355 no

274 1406 360 1461 strae
380 1403 516 1458 mortem
539 1392 665 1476 obierit,
687 1392 806 1458 rectori
825 1412 923 1457 curae
943 1393 1015 1475 erit,
1035 1401 1072 1457 ut
1091 1415 1151 1479 pro
1172 1390 1315 1458 defimcti
1330 1391 1515 1458 conditione
1533 1391 1691 1477 exequiae

272 1484 499 1561 convenienter
519 1491 686 1558 ducantur.
730 1489 827 1572 Quod
845 1510 971 1578 quoque
983 1501 1131 1579 tompore
1144 1490 1249 1557 edicto
1264 1493 1402 1558 rectoris
1416 1490 1659 1613 praescribetqr
1671 1492 1690 1552 ¹.

823 1677 993 1728 statutum
1011 1636 1133 1728 xxrdm.

144 1777 146 1781 Ι
232 1792 263 1846 10
310 1798 356 1846 DE
375 1795 446 1844 Nou
467 1791 618 1842 anaema
638 1791 739 1841 Unnls
761 1790 914 1840 semels
934 1792 972 1841 IN
993 1790 1061 1841 HAG
1083 1790 1217 1841 8οΗοΜ
1237 1793 1283 1841 ΕΤ
1304 1792 1435 1842 orento
1457 1794 1530 1844 NON
1550 1790 1653 1842 rums

757 1890 936 1942 merueras
956 1893 1001 1941 ΕΤ
1023 1890 1203 1941 noema

352 2011 483 2097 Magnis
514 2017 546 2075 et
573 2005 730 2094 gravibus
755 2005 928 2072 decausis
955 2008 1069 2072 statuit
1092 2008 1315 2073 universitatis
1341 2005 1557 2074 scholasticae
1585 2006 1689 2072 consi·

271 2115 366 2195 lium,
396 2131 523 2192 omnes,
551 2108 606 2193 qui
628 2105 763 2193 posthac
784 2105 886 2171 libros
907 2115 965 2171 aut
985 2106 1203 2194 cuiuscunque
1223 2109 1352 2193 generis
1374 2108 1499 2195 scripta
1518 2106 1616 2173 edere
1636 2127 1689 2171 vo

270 2213 400 2294 luerint,
422 2206 606 2295 exemplum
625 2204 756 2271 illorum
776 2204 946 2270 bonafide
966 2207 1084 2271 rectori
1105 2206 1221 2271 offerre
1242 2205 1371 2290 debere,
1394 2209 1450 2294 qui
1473 2205 1514 2272 de
1531 2205 1689 2272 sententis

232 2324 394 2394 tteorum,
415 2309 614 2397 adquorum
637 2304 779 2370 studium
798 2314 832 2370 et
849 2304 1083 2391 professionem
1104 2306 1245 2391 cognitio
1266 2305 1449 2393 pertinebit,
1471 2305 1526 2371 edi
1548 2313 1606 2372 ant
1619 2324 1688 2392 per

270 2414 376 2477 mittet
404 2417 460 2474 aut
490 2405 621 2473 vetabit
664 2404 700 2470 Si
727 2406 800 2490 quis
827 2426 893 2470 non
919 2402 1072 2473 obtulerit
1099 2414 1156 2469 aut
1181 2415 1295 2471 contra
1321 2405 1529 2471 interdictum
1551 2403 1687 2471 rectoris

269 2512 389 2577 librum
417 2510 614 2596 scriptumve
642 2527 734 2569 suum
760 2502 935 2569 alteriusve
966 2502 1021 2568 edi
1044 2506 1222 2587 curaverit,
1249 2504 1436 2571 florinorum
1456 2504 1689 2593 quinquaginta

269 2611 424 2678 mulctam
445 2607 569 2673 solvito.
605 2605 657 2670 De
678 2602 762 2668 libro
785 2612 893 2668 autem
914 2624 971 2668 seu
993 2603 1115 2690 scripto
1135 2604 1184 2667 sic
1205 2603 1466 2671 editoiudicium
1487 2607 1577 2671 etin
1597 2610 1686 2669 auto·

269 2734 356 2793 rem,
378 2711 405 2774 si
427 2713 607 2788 mereatur,
629 2701 869 2769 animadversio
888 2701 992 2768 libera
1013 2700 1139 2767 consilii
1160 2702 1283 2789 publici
1304 2705 1376 2771 erit
1425 2730 1431 2738 ’

228 2894 262 2951 20
821 2887 986 2939 statutum
1004 2888 1128 2940 XXXIV.

602 3006 650 3055 Da
673 3001 894 3054 TEMPORIBUS
914 3001 1139 3052 vacnrloms
1159 3005 1205 3053 ΕΤ
1226 3005 1348 3057 suune.

352 3125 435 3192 Cum
465 3145 530 3191 non
555 3125 661 3210 possit
690 3120 779 3202 fieri,
807 3125 843 3183 ut
868 3118 1071 3205 professores
1102 3119 1251 3187 omnibus
1281 3119 1397 3186 diebus
1424 3141 1542 3208 operas
1571 3119 1688 3188 obeant

268 3225 435 3291 doctrinae
456 3244 552 3306 suae,
575 3222 707 3308 diesque
728 3218 866 3306 aliquot,
888 3217 1006 3304 quibus
1028 3217 1136 3287 feriati
1156 3220 1237 3302 sint,
1267 3229 1300 3285 et
1320 3220 1508 3285 vacationes
1530 3219 1595 3287 illis
1616 3242 1686 3287 oon·

268 3325 339 3391 cedi
360 3343 493 3391 necesse
512 3330 576 3404 est,
604 3342 645 3385 ne
673 3329 782 3384 tamen
808 3340 868 3405 pro
884 3339 944 3382 suo
967 3315 1104 3382 arbitrio
1125 3319 1282 3406 quieque²
1304 3317 1366 3384 sibi
1386 3318 1444 3384 iila
1462 3328 1613 3407 tempora
1633 3319 1688 3385 otii

226 3433 302 3490 sset
321 3424 526 3501 vacationum
548 3428 703 3502 sumeret,
724 3419 832 3482 visum
854 3425 903 3482 est
923 3439 992 3481 rem
1011 3415 1073 3481 hoc
1093 3415 1190 3482 modo
1213 3421 1418 3484 constitutam
1439 3440 1632 3507 proponere.

350 3524 497 3588 Primum
525 3520 659 3606 singulis
687 3515 945 3584 hebdomadibus
975 3515 1100 3580 dicrum
1124 3518 1285 3583 universis
1311 3540 1375 3584 uno
1402 3517 1454 3582 dic
1476 3519 1688 3585 intermittere

270 3646 385 3710 operas
409 3621 574 3686 doctrinae
597 3641 674 3685 suae
697 3639 887 3684 concessum
907 3625 986 3681 esto.

352 3718 500 3786 Secundo
530 3719 678 3785 omnibus
706 3715 822 3784 diebus
844 3716 1014 3782 dominicis
1037 3722 1069 3781 et
1090 3717 1131 3780 iis
1151 3715 1259 3799 feriis,
1280 3738 1364 3801 quae
1386 3717 1419 3780 in
1441 3716 1563 3805 templo
1586 3718 1688 3784 solen·

266 3822 350 3887 niter
371 3817 583 3885 celebrantur

225 3930 260 3985 30
351 3918 464 3984 Tertio
491 3941 512 3983 a
539 3917 608 4000 dre,
636 3918 692 4005 qui
719 3925 794 3981 ante
822 3914 1001 3980 Paschatos
1022 3915 1156 3998 festum,
1183 3923 1215 3979 et
1235 3923 1372 4002 quatuor
1398 3924 1479 4002 post
1521 3915 1559 3982 In
1580 3924 1689 4057 pente

269 4030 375 4085 costes
395 4018 571 4083 festivitate
593 4015 801 4103 quatriduum
823 4013 1016 4082 servabitur

350 4117 475 4199 Quarto
497 4115 663 4182 caniculae
683 4136 792 4181 mense
813 4137 887 4182 uno.

349 4217 470 4298 Quinto
490 4215 592 4281 natali
613 4212 797 4282 Christiano
817 4213 934 4278 triduo.

348 4318 450 4382 Sexto
471 4314 575 4380 tribus
596 4315 792 4380 mercatibus
814 4312 928 4378 diebus
950 4312 1052 4376 denis.

225 4425 259 4484 ³5
352 4416 458 4504 Atque
479 4416 540 4482 hoo
563 4414 757 4501 generaliter
778 4411 986 4479 custodietur.
1028 4409 1067 4475 In
1096 4411 1232 4496 singulis
1254 4421 1361 4477 autem
1382 4410 1592 4479 facultatibus
1613 4411 1688 4501 quid

267 4518 337 4582 fieri
359 4519 546 4597 conveniat,
567 4518 600 4579 in
621 4513 750 4579 illorum
772 4513 900 4578 statutis
927 4510 1086 4599 explicari
1110 4509 1247 4576 debebit

337 4774 346 4822 l
370 4764 558 4823 Geschrieben
575 4763 610 4818 ist
624 4763 822 4834 proscribam.

334 4857 350 4906 2
365 4849 552 4908 Geschrieben
570 4847 644 4903 steht
659 4848 789 4918 quaqua.
