3756 6158
237 486 276 547 72
729 484 780 533 Die
801 484 919 534 Statuten
938 499 1000 534 vom
1016 485 1099 534 Jahre
1118 489 1182 534 1500

318 669 374 726 Bis
394 670 495 728 dicier
512 670 580 747 pelet
597 670 645 728 dic
658 670 824 729 Reduction
846 671 900 728 der
920 669 1040 728 aweiten
1053 670 1229 747 Atticilunp
1250 664 1313 729 eom
1328 671 1425 730 Jahn
1449 671 1539 734 1500.
1583 671 1647 730 Was

230 772 312 847 solpt
333 769 402 828 aiod
422 769 794 830 Zaratzbesolsls'taae.

240 1013 299 1104 [Bl.
321 1012 387 1103 60⁸]
429 1034 475 1081 ur
498 1033 661 1094 oummsr
691 1033 944 1083 senonssrmus
970 1034 1246 1084 ramosrroasn
1274 1035 1411 1084 aarum
1440 1021 1587 1084 arama
1608 1032 1651 1082 so

592 1132 727 1181 nunnus
749 1133 985 1183 msoamsrua.
1027 1135 1213 1184 snsruron
1233 1119 1296 1185 33.¹

218 1243 235 1298 5
814 1237 884 1292 Vom
901 1237 984 1286 «Idne
1004 1237 1075 1289 1517.

323 1347 406 1415 Cum
428 1346 659 1434 discipulorum
679 1350 749 1414 vita
769 1348 958 1438 plerumque
979 1350 1105 1416 consilii
1125 1353 1219 1438 inops
1242 1354 1285 1417 sit
1314 1361 1346 1417 et
1365 1349 1512 1416 lubricae
1542 1349 1654 1415 aetatis

242 1446 379 1515 stimulis
401 1448 550 1532 agitetur,
572 1449 742 1537 minusque
764 1448 971 1535 prudenciae,
993 1451 1098 1537 magis
1118 1473 1196 1517 vero
1220 1450 1356 1539 periculi
1372 1448 1502 1532 habeat,
1522 1447 1656 1536 ideoque

240 1549 446 1630 universitas,
468 1555 634 1612 maternae
655 1547 870 1613 solicitudinis
891 1571 952 1636 ope
974 1548 1182 1616 scholasticos
1206 1541 1392 1638 complexa,
1414 1547 1568 1616 concordi
1589 1569 1655 1612 sen·

243 1649 349 1713 tancia
372 1648 485 1713 statuit
506 1655 538 1711 et
559 1646 719 1730 decrevit,
748 1658 783 1713 ut
802 1670 912 1714 omnes
931 1659 963 1714 et
982 1649 1103 1735 singuli
1121 1650 1217 1716 huius
1238 1648 1402 1737 gymnasii
1421 1647 1545 1714 alumni
1564 1669 1657 1736 prae

203 1759 234 1815 10
244 1757 406 1834 captorem
427 1746 569 1812 habeant
589 1746 754 1813 doctorem
775 1747 829 1813 vel
850 1749 1043 1834 magistrum
1064 1745 1154 1837 [61·],
1177 1751 1268 1815 cuius
1296 1749 1411 1832 (10010,
1433 1747 1609 1837 disciplina
1628 1756 1660 1813 et

243 1847 428 1914 erudicione
449 1848 571 1929 vivant,
593 1848 645 1911 cui
666 1847 820 1913 obediant
841 1857 874 1913 et
893 1870 1015 1913 morem
1036 1858 1153 1935 gerant
1174 1848 1218 1914 ad
1239 1848 1408 1915 studii-sui
1428 1847 1609 1935 profectum
1628 1858 1660 1913 et

244 1970 370 2014 morum
390 1945 658 2012 emendacionem
708 1946 834 2028 Quodsi
854 1969 971 2035 parere
991 1947 1170 2031 noluerunt,
1190 1949 1308 2014 rectori
1336 1947 1424 2014 velut
1438 1945 1659 2020 inobedientes

245 2048 509 2128 denunctientur,
529 2069 590 2112 nec
621 2045 799 2134 discipulus
827 2071 847 2113 a
868 2057 1093 2135 praeceptore,
1122 2048 1195 2135 ipso
1218 2048 1346 2114 nolente
1353 2097 1362 2131 ,
1386 2045 1520 2113 recedat
1541 2044 1661 2135 absque

245 2170 344 2214 causa
365 2145 572 2228 racionabili,
602 2170 699 2234 quam
721 2157 826 2212 rector
846 2146 1040 2212 diiudicabit
1061 2170 1134 2212 cum
1154 2148 1383 2215 assessoribus.
1426 2148 1660 2234 Praeceptores

207 2260 237 2314 15
245 2269 372 2334 quoque
393 2244 599 2330 diligenciam
620 2246 728 2312 facere
746 2246 864 2313 debent
883 2270 956 2313 cum
972 2246 1139 2335 discipulis
1157 2245 1252 2336 [61¹¹]‚
1276 2247 1393 2336 quibus
1406 2255 1516 2312 tamen
1529 2247 1661 2312 nimium

244 2370 310 2413 non
336 2343 528 2430 indulgeant
555 2354 586 2409 et
614 2368 668 2411 eos
694 2346 767 2433 plus
794 2369 898 2435 aequo
930 2369 995 2411 non
1026 2346 1209 2412 defendant.
1256 2346 1375 2412 Rector
1407 2347 1512 2413 eciam
1541 2344 1662 2433 00110ιο

248 2445 473 2513 scholasticum
494 2446 528 2510 in
549 2443 658 2510 album
679 2447 901 2512 universitatis
921 2446 1087 2522 inscribat,
1107 2449 1170 2512 nisi
1190 2447 1311 2512 habeat
1330 2455 1588 2535 praeceptorem,
1610 2445 1663 2532 qui

247 2570 306 2635 pro
335 2569 373 2611 eo
398 2543 595 2632 respondeat
624 2567 759 2633 eumque
789 2547 944 2633 respiciat
969 2546 1003 2610 in
1031 2545 1137 2612 studio
1166 2555 1198 2611 et
1225 2546 1370 2613 moribus
1389 2547 1465 2612 suis.
1493 2544 1663 2632 idemque

247 2657 353 2712 rector
373 2647 408 2710 in
428 2645 619 2709 visitacione
641 2643 849 2731 collegiorum
870 2657 902 2710 et
923 2646 1205 2712 contuberniorum
1227 2669 1248 2710 a
1269 2645 1412 2733 quolibet
1433 2643 1598 2733 discipulo
1618 2644 1663 2709 in·

206 2748 365 2836 20quiret,
378 2754 638 2832 praeceptorem
663 2766 757 2831 quem
779 2746 807 2809 si
827 2768 892 2811 non
913 2744 1065 2810 habuerit
1085 2754 1142 2810 aut
1160 2745 1246 2810 infra
1263 2745 1426 2811 octiduum
1437 2743 1560 2811 habere
1578 2763 1664 2831 spre

247 2847 341 2929 verit,
360 2846 395 2910 in
415 2867 481 2910 una
498 2867 584 2910 nova
604 2840 683 2931 [62⁸]
712 2865 877 2930 sexagena
897 2846 1066 2932 puniatsu:
1094 2868 1160 2932 qua
1170 2868 1276 2933 poena
1292 2847 1321 2911 si
1336 2844 1504 2912 emendari
1517 2843 1664 2925 noluerit,

251 2946 292 3012 ab
314 2946 528 3011 universitate
549 2943 638 3009 velut
657 2943 888 3031 incorrigibilis
910 2943 1080 3032 relegetur.

654 3214 702 3262 00
723 3214 837 3264 00001
858 3213 1026 3263 connum.
1068 3215 1165 3263 srsr.
1188 3199 1262 3266 34²

818 3318 888 3368 Vom
907 3293 1080 3378 sairanem.
1156 3368 1157 3373 ,

208 3443 241 3499 25
333 3430 420 3512 Quia
440 3453 552 3497 mensa
573 3432 750 3497 communis
769 3433 917 3497 instituta
938 3440 987 3498 est
1008 3440 1143 3518 propter
1173 3453 1244 3513 eos,
1273 3430 1391 3518 quibus
1419 3439 1468 3495 est
1496 3431 1618 3518 exigrra
1636 3440 1668 3497 et

251 3543 479 3620 angustares,
505 3553 579 3598 cum
600 3539 708 3595 autem
737 3552 808 3595 eam
836 3531 983 3619 plerique
1003 3530 1159 3598 accedant
1178 3554 1243 3596 non
1264 3530 1306 3597 ob
1327 3530 1517 3600 tenuitatem
1530 3550 1668 3604 ,suarum

251 3656 375 3715 rerum,
397 3630 455 3697 sed
475 3641 511 3696 ut
530 3629 673 3695 babeant
692 3632 887 3717 impunitam
909 3630 1071 3720 quandam
1094 3631 1279 3696 iacsdtatem
1299 3628 1418 3716 agendi
1438 3629 1595 3719 quicquid
1615 3652 1667 3697 ve

250 3734 324 3815 lint,
352 3732 470 3797 iccirco
506 3729 613 3818 placet
639 3725 736 3818 [62b],
763 3751 804 3793 ne
834 3730 1115 3796 indiscriminatim
1143 3729 1283 3796 adeam
1311 3751 1421 3796 omnes
1447 3727 1668 3810 admittantur,

253 3831 309 3898 sed
331 3854 492 3918 pauperes
511 3839 645 3912 tantum,
668 3828 783 3917 quibus
804 3852 869 3895 non
890 3840 939 3899 est
956 3840 1048 3895 tanta
1068 3829 1217 3913 facsdtss,
1238 3838 1275 3895 ut
1293 3827 1558 3896 hebdomadatim
1578 3828 1668 3915 quiu-

210 3944 317 4022 30que
338 3952 470 4017 grossos
491 3952 552 4017 pro
574 3929 726 4016 expensis
749 3950 912 4016 exponere
932 3932 1075 4016 possint3
1101 3929 1189 4018 quod
1213 3929 1355 4016 legitime
1383 3927 1524 4016 probent
1544 3936 1617 4011 aut,
1642 3927 1671 3992 si

252 4031 393 4121 probare
418 4038 594 4115 nequeant,
627 4028 687 4095 sub
716 4030 905 4094 iuramentis
936 4031 1001 4094 suis
1029 4029 1139 4095 dicant
1159 4032 1278 4095 rectori
1300 4038 1332 4094 et
1354 4030 1419 4094 suis
1441 4025 1671 4095 assessoribus.

252 4132 346 4197 Haec
366 4151 493 4217 quoque
512 4151 625 4193 mensa
645 4151 711 4194 non
730 4129 793 4193 nisi
814 4129 847 4192 in
870 4127 1014 4215 collegiis
1037 4139 1093 4195 aut
1113 4129 1332 4195 contuberniis
1350 4127 1541 4215 approbatis
1556 4125 1671 4192 haberi

254 4230 351 4297 debet
356 4280 365 4314 ,
398 4230 452 4294 cui
478 4252 630 4317 praeesse
659 4227 755 4294 debet
775 4228 931 4315 magister
952 4240 1143 4312 conventor,
1172 4230 1226 4317 qui
1246 4239 1278 4294 et
1297 4249 1403 4294 mores
1425 4236 1458 4292 et
1478 4226 1671 4293 latinitatem

254 4329 333 4421 [63⁸]
361 4328 623 4397 commensalium
651 4329 809 4415 respiciet
841 4336 873 4393 et
900 4349 1070 4413 excessus,
1099 4351 1180 4417 quos
1202 4328 1374 4394 emendare
1395 4350 1460 4393 non
1481 4335 1602 4414 potest,
1629 4325 1671 4393 ad

212 4433 391 4499 35maiores
411 4430 545 4513 deferat,
568 4430 631 4517 qui·
647 4428 710 4495 sibi
731 4429 797 4494 sint
817 4426 949 4494 auxilio.

329 4754 338 4804 1
361 4748 416 4803 Am
434 4751 534 4803 untem
552 4746 650 4801 Raude
667 4745 719 4801 auf
733 4746 775 4800 Bl.
787 4751 842 4802 611»
860 4745 946 4802 steht:
965 4745 1046 4799 Anao
1062 4745 1168 4800 domim
1189 4748 1251 4799 1517
1268 4743 1318 4797 aab
1337 4747 1474 4796 rectoratus
1489 4741 1672 4811 mcqiafflo

254 4835 335 4889 00060
350 4835 462 4902 Laupas·
478 4849 510 4885 aa
527 4831 708 4900 Bolkmhaya
726 4830 835 4902 (iareb)
859 4832 925 4886 baec
949 4831 1004 4884 dem
1020 4837 1123 4883 statuta
1144 4846 1198 4899 per
1214 4835 1299 4882 totam
1314 4827 1516 4881 universissimo
1532 4833 1595 4880 erant
1609 4843 1672 4880 cosa

255 4918 332 4972 elsua
346 4937 381 4972 ac
393 4935 447 4989 per
463 4923 592 4986 00011000·
606 4917 735 4971 meiana
750 4917 922 4971 concorditer
937 4915 1095 4986 approbata
1115 4922 1140 4967 et
1155 4913 1223 4967 aliia
1238 4914 1348 4967 stotatsis
1368 4911 1413 4964 bic
1429 4912 1534 4964 inserte
1551 4927 1584 4964 ca
1603 4928 1672 4965 000·

256 5003 332 5056 mani
344 5001 530 5055 universitatis
546 5009 626 5070 atque
642 5002 787 5055 00060000
809 5001 927 5054 eiusdem
948 5001 1070 5066 decreto,
1093 5005 1123 5051 ut
1145 4997 1232 5067 liqueat
1256 5013 1288 5050 aa
1311 4995 1445 5050 concana
1461 4995 1509 5049 aab
1524 4996 1672 5066 [0000άί010

256 5092 399 5141 remorata
432 5084 496 5157 Vgl.
514 5085 650 5142 Urkundl.
670 5084 784 5150 Quellen
802 5083 830 5139 S.
847 5089 904 5139 606.

326 5173 341 5224 2
358 5168 422 5224 Von
430 5168 572 5225 derselben
581 5169 674 5238 Hand,
685 5167 730 5223 die
741 5168 792 5223 das
803 5165 1026 5239 voraufgehende
1038 5165 1134 5222 statut
1145 5166 1262 5237 cintrug.
1280 5163 1346 5234 Vgl.
1356 5163 1401 5218 die
1410 5162 1493 5218 Anm.
1504 5179 1541 5217 zu
1550 5161 1622 5219 Stat.
1631 5169 1671 5222 ³³.
