3756 6158
771 469 888 518 Libellus
907 468 1066 520 formulario.
1579 478 1633 538 151

205 647 427 733 pestilentiae,
458 660 489 713 et
517 650 592 714 hinc
623 659 730 712 tamen
758 651 919 723 neminem
947 650 993 715 ibi
1022 653 1124 738 recipi
1152 650 1311 716 audimus.
1355 651 1477 733 Quare,
1508 654 1535 716 si
1567 663 1641 718 tuae

206 759 328 834 praest.
357 748 532 831 videbitur,
560 750 593 812 in
620 748 706 813 bunc
734 757 885 814 eventum
913 750 1102 837 impetrabit
1130 749 1187 815 illa
1215 749 1326 815 literas
1354 750 1396 815 ab
1422 750 1640 817 illustrissimo

205 848 367 934 principe,
396 847 513 935 quibus
542 846 714 913 iubeantur
733 847 963 914 Rochlicenses
985 871 1051 932 eos,
1080 851 1135 934 qui
1165 848 1207 914 ab
1234 851 1448 915 universitate
1475 860 1586 916 nostra
1607 874 1641 915 sa

205 945 280 1010 illuc
302 947 452 1012 conferre
474 947 643 1029 voluerint,
672 947 811 1012 libenter
839 957 871 1013 et
898 947 1039 1034 benigne
1065 950 1222 1035 recipere,
1252 958 1284 1012 et
1304 949 1363 1013 has
1385 948 1496 1014 literas
1517 949 1560 1014 ad
1579 972 1639 1015 nos

204 1067 268 1110 non
288 1045 484 1132 gravabitur
505 1057 589 1133 tpr.
611 1047 737 1127 afferre,
758 1055 790 1111 et
809 1045 895 1111 hanc
915 1047 1206 1132 interpellationem
1229 1048 1348 1113 factam
1370 1058 1520 1135 respectu
1535 1049 1666 1136 publi-s

205 1167 317 1210 corum
343 1145 587 1211 commodorum
613 1147 649 1209 in
677 1146 834 1232 optimam
863 1157 990 1233 partem
1021 1147 1169 1233 accipiet.
1190 1143 1242 1232 [85
1250 1145 1276 1235 ⁸]
1306 1148 1472 1214 Christum
1499 1171 1639 1230 oramus,

207 1242 295 1330 quod
317 1246 427 1331 agitur
448 1253 480 1310 et
498 1244 560 1309 iter
584 1244 622 1311 Τ.
642 1267 691 1333 pr.
713 1254 749 1309 ut
768 1245 916 1312 fortrmet.
941 1245 1059 1312 Valeat
1080 1269 1128 1332 pr.
1149 1255 1215 1309 tua.
1236 1245 1303 1310 XII
1324 1245 1390 1312 cL.
1412 1246 1518 1311 VHbu·
1537 1247 1608 1312 LII.

1109 1345 1238 1426 Rector,
1259 1344 1330 1408 ΜΜ
1352 1354 1384 1410 et
1405 1346 1484 1411 DD.

1141 1442 1235 1508 acad.
1256 1442 1438 1530 Lipsensis.

899 1599 967 1660 146.
1650 1605 1681 1659 10

287 1725 320 1791 S.
342 1725 385 1791 D.
413 1723 588 1811 Magnifice
608 1724 754 1790 domine!
788 1725 906 1792 Certae
928 1748 1046 1791 causae
1066 1750 1127 1792 nos
1148 1734 1332 1808 moverunt,
1354 1734 1390 1790 ut
1410 1725 1471 1791 hoc
1493 1736 1638 1814 tempore

207 1847 377 1911 ageremus
407 1845 483 1890 oum
508 1823 620 1890 Ioach.
648 1824 848 1907 camerario,
877 1847 918 1890 ne
947 1835 1143 1912 gravaretur
1171 1822 1215 1890 ad
1243 1825 1518 1912 magnificentiam
1549 1837 1638 1891 tuam

208 1947 240 1990 se
260 1923 419 1989 conferre.
462 1921 535 1988 Hoc
555 1945 629 1988 oum
649 1921 795 1988 obtinere
815 1946 873 1989 nos
895 1947 1014 2012 passus
1033 1934 1128 2006 esset,
1151 1923 1298 1989 dedimus
1320 1925 1349 1989 ei
1370 1925 1535 2007 mandata,
1554 1949 1638 2013 quae

208 2033 261 2088 tua
289 2021 334 2086 M.
365 2020 505 2108 benigne
536 2043 732 2107 cognoscere
764 2031 896 2111 tamque
932 2045 966 2088 se
999 2046 1085 2088 nunc
1116 2045 1244 2111 quoque
1276 2034 1444 2110 praestare
1477 2023 1637 2111 dignetur,

209 2144 301 2212 quam
322 2130 422 2186 antea
440 2121 587 2208 plurimis
609 2130 642 2185 et
662 2122 817 2187 maximis
839 2121 938 2189 rebus
959 2122 1128 2190 academia
1147 2131 1260 2187 nostra
1280 2133 1418 2209 experta
1439 2133 1497 2189 est
1534 2124 1572 2188 Τ.
1593 2122 1636 2187 Μ.
1649 2133 1679 2188 15

211 2243 302 2310 quam
321 2216 510 2286 felicissime
531 2219 642 2286 valere
662 2229 821 2307 optamus.

367 2354 372 2370 ·
392 2318 459 2386 XV
478 2318 546 2388 eL.
566 2319 672 2386 VIIbfl·
695 2319 798 2386 LIIII.

811 3380 1095 3482 nunnus(

638 3598 771 3657 EINIGE
790 3597 971 3655 AEL'I’ERE
988 3597 1238 3655 rosmundae,
1356 3642 1362 3646 .

457 3775 483 3834 1.
502 3785 666 3834 nnrlcum
688 3785 861 3833 seersum
881 3784 982 3833 curm
1002 3783 1095 3834 usum
1117 3769 1422 3833 covsnavnroun¹
1644 3778 1678 3833 20

284 3918 402 3985 Nullus
423 3926 532 3984 utatur
547 3918 801 3999 conservatoria
823 3919 887 3982 nisi
909 3917 1054 3983 obtineat
1075 3939 1135 4004 pro
1158 3916 1216 3982 tali
1239 3937 1339 3982 causa
1361 3917 1522 4003 signatum
1544 3942 1565 3984 a
1584 3941 1635 3984 re·

209 4025 301 4101 ctore,
323 4017 499 4084 dummodo
521 4014 729 4085 commodose
751 4015 830 4081 illud
853 4015 1000 4082 obtinere
1020 4018 1149 4104 poterit

305 4207 337 4268 2·
360 4216 431 4267 PRO
453 4217 518 4268 USU
542 4215 821 4266 cousuuvnuosn
842 4216 1002 4276 Qunumu
1023 4215 1181 4266 STUDENS
1202 4210 1391 4266 srunmssu
1411 4215 1562 4265 DEBEAT.

285 4334 371 4400 Item
391 4332 497 4400 nullus
517 4341 627 4398 utatur
650 4331 902 4413 conservatoria
930 4332 994 4396 nisi
1017 4333 1107 4419 prius
1135 4331 1295 4397 studuerit
1324 4354 1382 4419 per
1410 4331 1552 4396 medium
1581 4356 1636 4397 an-

206 4455 282 4499 num
304 4433 340 4499 in
361 4433 573 4499 universitate
594 4442 708 4499 nostra
728 4429 780 4496 vel
804 4430 924 4496 babeat
945 4452 1079 4496 causam
1106 4430 1215 4513 talem,
1244 4442 1497 4519 propterquam
1519 4432 1633 4496 merito
1645 4440 1678 4497 25

207 4542 283 4601 ante
304 4529 426 4599 dietum
445 4541 573 4618 tempus
595 4532 756 4618 signatum
778 4528 840 4594 eibi
862 4531 906 4595 sit
925 4529 1169 4617 assignandum,
1192 4529 1233 4595 de
1255 4553 1320 4619 qua
1341 4552 1441 4596 causa
1462 4541 1637 4616 cognoscat

208 4641 317 4699 rector
347 4653 422 4698 cum
454 4639 592 4718 quatuor
624 4628 819 4696 consiliariis
852 4626 1034 4694 senioribus
1065 4640 1204 4718 quatuor
1232 4630 1405 4695 nacionum
1433 4626 1473 4694 de
1502 4628 1637 4694 consilio

210 4729 440 4798 universitatis.

280 4987 292 5037 1
312 4979 368 5036 Die
392 4978 486 5037 daban
509 4983 601 5035 ersten
627 4977 689 5033 sind
707 4991 757 5032 aus
773 4975 823 5032 der
840 4975 957 5031 ffltesten
975 4973 1106 5032 Manikal
1124 4975 1183 5048 (Κ)
1198 4981 1381 5034 enmommen.
1417 4974 1481 5047 vgu
1500 4974 1638 5034 Urknndl.

217 5065 332 5132 Quoltan
350 5062 379 5120 8.
398 5068 461 5132 555,
479 5069 520 5119 1⁰.
557 5061 611 5118 Die
633 5059 779 5117 Abschrift
799 5060 829 5114 in
847 5058 891 5115 A''
916 5057 1040 5130 gevahrt
1062 5059 1135 5116 noch
1153 5059 1200 5114 ein
1216 5059 1338 5116 veiam
1355 5058 1501 5115 Formular
1518 5059 1574 5115 und
1591 5062 1638 5114 iin-

218 5149 276 5206 dart
291 5150 321 5205 iu
336 5147 404 5204 Nro.
424 5152 438 5203 '1
457 5147 550 5219 ainige
566 5143 680 5202 Stellen.
714 5144 778 5216 Vgl.
797 5143 933 5200 Urkundl.
954 5141 1072 5210 Quatlen
1089 5142 1118 5201 S.
1137 5149 1189 5201 555
1207 5142 1248 5214 ig.
