3756 6158
246 485 307 550 440
748 480 797 532 Die
814 481 1033 546 philosophisohe
1050 481 1177 535 saeuisse.

244 664 385 732 decanus
412 665 510 749 faciet
553 665 721 751 generales
750 665 1003 731 convocaciones
1030 667 1259 753 magistrorum
1293 673 1362 729 tam
1390 665 1425 729 in
1456 687 1557 751 quam
1584 675 1673 730 extra

247 764 418 830 consilium
446 764 637 831 facultatis.¹

280 937 310 999 3.
329 909 555 997 ΒΕΟΔΝΙΙΒῈΤ
576 907 915 996 vlcncancnnnsltms
938 946 1011 995 Non
1030 948 1170 996 DEBEN'P
1192 947 1455 997 Pnonovsrmos
1479 947 1643 996 marona

436 1046 600 1095 nummo
621 1048 668 1095 DE
690 1048 842 1095 masnata
864 1046 1079 1095 asalortartna·
1099 1047 1289 1097 CERCIOBES
1312 1046 1488 1095 annnam

204 1175 221 1232 5
330 1163 484 1228 Decanus
513 1185 572 1249 pro
599 1172 746 1249 tempore
773 1163 915 1226 existens
944 1160 1005 1227 sub
1033 1184 1140 1249 poena
1167 1163 1303 1249 periurii
1332 1163 1456 1228 nullum
1484 1185 1671 1251 promoven·

246 1265 323 1331 dum
345 1286 404 1351 per
432 1284 466 1327 se
487 1260 539 1326 vel
566 1259 665 1326 alium
688 1261 729 1327 de
750 1259 994 1350 quaestionibus
1011 1283 1073 1340 ,seu
1094 1263 1360 1348 responsionibus
1382 1262 1447 1327 sibi
1468 1261 1671 1347 assignandis

247 1363 427 1429 certificare
448 1359 553 1431 debet
582 1360 675 1426 Idem
695 1360 886 1447 intelligitur
909 1360 950 1425 de
971 1360 1238 1427 vicecancellario
1258 1361 1320 1428 sub
1340 1361 1457 1428 eadem
1478 1385 1597 1450 poena

363 1538 393 1598 a
414 1543 650 1595 raouovauor
663 1503 838 1605 ouanrrna
858 1522 1008 1593 macana
1028 1545 1170 1594 naemu
1190 1546 1355 1596 ramosa
1374 1544 1555 1595 uxamam

327 1659 578 1728 Bac'calariandi
611 1669 758 1747 tempore
789 1660 949 1724 examinis
987 1661 1123 1728 inscribi
1156 1660 1275 1728 debent
1306 1661 1487 1728 secundnm
1520 1661 1669 1742 ordinem,

207 1774 342 1852 laquem
364 1761 485 1828 habent
510 1764 545 1825 in
571 1759 744 1824 matricula
770 1760 1002 1844 universitatis,
1032 1761 1249 1849 magistrandi
1276 1784 1355 1829 vero
1384 1761 1568 1827 secundum
1594 1760 1671 1826 ordi·

245 1880 319 1929 nem
348 1862 439 1945 senii,
465 1883 561 1949 quem
585 1858 708 1925 habent
733 1860 768 1924 in
793 1859 998 1946 promotione
1027 1860 1275 1927 baccalariatu‘s.
1317 1861 1365 1927 Et
1391 1861 1538 1927 decanus
1559 1881 1671 1947 nequa·

247 1984 344 2049 quarn
376 1962 465 2028 circa
501 1957 686 2026 huiusmodi
722 1960 968 2061 inscriptionem
989 1959 1109 2026 dolum
1142 1970 1175 2026 et
1204 1961 1353 2031 fraudem
1385 1962 1587 2044 committat,
1617 1957 1670 2025 sub

247 2084 354 2150 poena
373 2083 432 2149 per
453 2059 642 2126 facultatem
662 2057 827 2142 dictanda,
848 2061 878 2124 si
900 2062 1097 2126 contrarium
1117 2070 1284 2148 repertum
1303 2061 1413 2128 fuerit
1486 2092 1488 2097 v
1582 2067 1584 2071 ’

244 2236 274 2297 5.
301 2245 459 2296 macanos
479 2246 526 2294 ar
549 2235 889 2294 moncmoamsruus
910 2245 1069 2306 samu
1096 2244 1301 2295 msoarasns
1323 2244 1492 2294 sansonis
1512 2243 1669 2295 naaman

207 2339 237 2394 15
290 2326 299 2349 ²
577 2343 645 2392 van
668 2316 914 2411 rnmsfflms,
934 2344 1004 2395 rus1
1022 2345 1123 2411 rarus
1143 2346 1342 2396 maavnmr.

321 2462 409 2528 'Item
430 2462 571 2540 decanus
592 2458 646 2526 vel
665 2459 950 2526 vicecancellarius
975 2459 1097 2527 nullum
1124 2461 1304 2528 inscribere
1329 2460 1453 2528 debent
1482 2481 1666 2561 promoven

248 2562 325 2628 dum
346 2572 379 2627 et
399 2558 650 2627 examinandum
670 2560 732 2647 'pro
752 2560 859 2646 gradu
879 2559 1000 2647 aliquo,
1022 2562 1086 2626 nisi
1107 2563 1200 2648 prius
1221 2559 1286 2626 tale
1306 2561 1422 2627 fecerit
1442 2561 1665 2626 ists-amentum:

247 2657 311 2750 [Sl]
328 2661 421 2751 „Ego
434 2661 483 2726 .N.
494 2663 576 2743 iuro,
598 2660 686 2748 quod
705 2682 767 2725 nec
783 2661 911 2725 satione
924 2680 985 2725 noc
996 2660 1127 2744 idtione,
1148 2680 1209 2725 nec
1227 2682 1289 2747 per
1308 2670 1366 2726 ms‘
1377 2682 1442 2728 nec
1461 2681 1524 2748 per
1547 2659 1664 2742 aliun“,

247 2772 283 2826 ut
310 2760 449 2827 habetur
475 2761 511 2825 in
537 2761 698 2847 principio
727 2760 821 2825 huius
849 2759 926 2824 libri
941 2768 1149 2825 statutorum
1177 2766 1215 2841 (s.
1236 2765 1282 2839 a.)
1310 2769 1342 2824 et
1368 2760 1457 2825 infra
1484 2763 1520 2825 in
1547 2761 1663 2826 statutis

204 2859 515 2928 tosoncernentibus
536 2859 785 2946 promovendos.
826 2859 871 2925 Et
898 2861 1139 2925 examinatores
1165 2881 1230 2925 non
1258 2859 1380 2925 debent
1407 2858 1487 2946 eligi
1513 2861 1578 2926 nisi
1601 2867 1663 2946 post

247 2961 498 3047 inscripcionem
520 2957 824 3046 promovendorum.
863 3025 867 3039 ,

192 3156 195 3162 ·
308 3134 336 3195 6.
358 3146 404 3209 nn
426 3143 593 3194 scansam
614 3121 828 3192 ussouaums
847 3143 1014 3211 ramosa
1036 3126 1243 3193 nnncrmrus
1265 3119 1548 3194 numerosus
1566 3143 1609 3192 ar

678 3241 894 3291 assumamus
916 3243 1024 3292 asmo
1045 3236 1242 3291 aaroaunrs.

330 3358 468 3444 Placuit,
490 3357 580 3448 quod
598 3368 672 3424 ante
694 3354 881 3424 electionem
904 3360 1163 3427 examinatorum
1185 3357 1345 3445 eligantur
1366 3352 1507 3447 quatuor
1528 3356 1660 3445 megisti

206 3475 308 3552 25per
329 3472 460 3544 sortem,
481 3460 604 3525 decano
626 3467 779 3540 astantes,
808 3461 855 3524 sio
884 3458 970 3546 quod
994 3460 1118 3546 primus
1139 3481 1199 3546 per
1221 3469 1342 3524 sortem
1361 3457 1484 3524 electus
1507 3479 1580 3523 aum
1599 3455 1659 3521 aliis

248 3564 352 3630 tribus
374 3562 415 3628 de
437 3561 510 3627 aliis
532 3557 722 3624 nacionibus
750 3560 900 3645 proxime
929 3559 1137 3645 sequentibus
1165 3568 1273 3624 astant
1294 3557 1425 3625 domino
1452 3556 1575 3623 decano
1594 3567 1659 3621 tem·

249 3685 329 3750 pore
349 3660 571 3747 imposicionis
594 3657 806 3740 scedularum,
833 3660 896 3723 isto
917 3669 1027 3724 tamen
1045 3658 1178 3723 excluso
1200 3657 1376 3746 magistro,
1396 3657 1432 3720 in
1458 3679 1525 3745 qna
1544 3657 1659 3722 natione

249 3763 453 3828 examinator
475 3760 551 3846 eligi
572 3757 682 3841 debet,
710 3766 746 3823 ut
766 3757 915 3840 videant,
944 3757 1029 3846 quod
1049 3756 1139 3823 nulla
1160 3758 1250 3822 fraus
1270 3755 1305 3820 in
1325 3757 1542 3843 imposicione
1561 3753 1658 3821 scedu-

247 3863 351 3927 larum
384 3860 613 3926 committatur.
653 3858 699 3924 Et
729 3858 886 3942 magister
916 3857 1089 3922 extrahens
1122 3857 1163 3921 de
1194 3858 1292 3921 mitra
1324 3855 1408 3921 duas
1442 3855 1592 3921 scedulas
1619 3851 1660 3917 rel

208 3972 241 4027 30
252 3962 361 4049 plures
383 3961 521 4024 scienter
542 3956 594 4021 vel
623 3959 726 4021 eciam
747 3957 934 4043 improvise,
965 3959 1007 4021 sit
1026 3955 1156 4022 inabilis
1180 3955 1223 4021 ad
1252 3957 1511 4021 examinatorem
1531 3977 1590 4043 pro
1609 3955 1661 4017 ists

249 4064 331 4143 vice,
357 4062 403 4124 ita
430 4067 538 4122 tamen
564 4055 651 4143 quod
679 4065 771 4121 actus
799 4054 853 4121 ille
879 4059 1026 4143 inceptus
1047 4079 1120 4121 cnm
1141 4055 1205 4121 alio
1228 4055 1281 4120 vel
1312 4054 1385 4120 aliis
1413 4054 1549 4122 ulterius
1576 4053 1661 4121 oonti·

249 4168 374 4249 nuetur.
829 4212 832 4218 .

605 4279 634 4338 7.
656 4290 703 4337 oa
725 4266 825 4339 isone
847 4288 1015 4337 amanam
1037 4287 1316 4338 amaminoass.

331 4407 473 4489 Placuit,
501 4405 588 4493 quod
616 4408 856 4472 examinatores
884 4428 944 4493 per
966 4413 1085 4470 sortem
1107 4404 1277 4490 eligantem.
1320 4404 1366 4470 Et
1380 4404 1510 4473 ..modus
1537 4405 1580 4470 sit
1602 4405 1662 4481 iste,

208 4509 338 4598 35quod
371 4515 534 4595 ponantur
562 4516 621 4605 tot¹
640 4507 790 4572 scedulae
818 4506 960 4592 undique
990 4504 1110 4570 similes
1138 4504 1185 4597 ad
1217 4526 1316 4570 unam
1343 4506 1508 4592 integram
1535 4499 1661 4580 etium,

249 4618 329 4696 quot
356 4618 431 4672 sunt
455 4607 605 4693 magistri
632 4617 821 4694 praesentes
848 4617 880 4671 et
899 4613 1146 4690 -acturegentes,
1175 4626 1312 4692 quarum
1332 4625 1399 4669 rma
1419 4606 1563 4673 continet
1584 4595 1660 4667 ‘exe

250 4699 413 4789 minator'3
436 4717 469 4771 et
490 4709 670 4793 quicunque
684 4709 914 4792 magistrorum
934 4726 993 4791 per
1009 4713 1130 4768 sortem
1145 4724 1217 4767 eam
1235 4705 1406 4791 repererit,
1425 4705 1491 4769 erit
1512 4702 1659 4769 examine

250 4817 301 4872 tor
320 4808 385 4873 ista
405 4806 488 4890 vice,
510 4815 543 4870 ot
564 4827 622 4870 suo
643 4804 740 4872 modo
765 4806 799 4870 in
821 4804 894 4869 aliis
920 4803 1026 4870 tribus
1045 4802 1231 4893 nationibus
1254 4805 1464 4890 practicetur.
1506 4801 1572 4884 Qu
1595 4817 1658 4887 qa*

337 5078 349 5153 ‚¹
371 5072 426 5127 Am
443 5071 553 5127 Rsnde:
587 5072 632 5124 Da
649 5088 689 5139 eo,
713 5071 763 5123 aba·
783 5070 909 5147 marniae
925 5069 995 5136 fieri
1009 5068 1122 5122 datm
1138 5075 1166 5121 st
1182 5068 1399 5137 mamentianos,
1420 5069 1507 5125 aliter
1520 5067 1656 5124 arilina&

252 5164 307 5228 ειη
330 5157 444 5228 s'deoqrae
458 5164 586 5213 ammaon
603 5164 642 5210 est
657 5155 833 5226 qaoadluec
851 5153 985 5208 sublatam
1001 5168 1074 5206 orato
1092 5155 1168 5221 1⁵22,
1182 5152 1232 5206 oreb
1246 5155 1384 5210 mas
1399 5154 1518 5210 [mss
1528 5151 1613 5208 'M
