3810 6150
697 491 748 543 ua
765 489 1006 556 sanaremus
1503 495 1563 562 353

145 695 230 738 nova
256 671 354 758 loyca
379 670 431 736 vel
457 673 492 736 in
520 669 709 757 sophianis,
739 671 779 736 de
809 667 927 759 quibus
955 672 1075 738 ultimis
1101 676 1165 739 tria
1193 677 1363 763 capiantur
1391 675 1564 742 secundum

144 772 299 859 placitum
327 771 380 835 vel
412 769 587 836 secundum
615 769 809 837 eleccionem
836 773 1018 849 volencium
1049 775 1249 860 promoveri,
1280 774 1339 840 sub
1368 784 1474 862 poena
1499 797 1565 842 non

145 871 353 937 admissionis
374 870 417 936 ad
437 868 576 957 gradum
597 871 776 957 magisterii
798 895 899 959 supra
920 871 1050 938 dictum.

540 1028 567 1088 4.
590 1039 637 1087 nn
659 1039 758 1088 nono
780 1028 950 1089 tuomum
971 1027 1172 1089 anemonas.

712 1140 774 1206 vgl.
799 1142 946 1206 Hauptstal.
967 1141 1008 1193 26.
1590 1151 1606 1205 5

230 1237 349 1305 Modus
370 1248 478 1304 autem
501 1236 653 1302 audiendi
675 1239 737 1303 erit
756 1238 840 1323 talis,
867 1239 953 1327 quod
981 1237 1115 1326 quilibet
1136 1237 1270 1303 audiens
1291 1237 1432 1326 aliquam
1453 1237 1565 1304 leccio-

143 1361 219 1403 nem
240 1362 300 1426 pro
327 1336 434 1424 aliquo
454 1336 560 1424 gradu
578 1336 613 1400 in
635 1334 770 1420 artibus,
798 1340 943 1426 exceptis
964 1336 1301 1422 mathematicalibus¹,
1328 1336 1425 1426 loyca
1445 1337 1566 1403 Hesbri

146 1448 180 1502 et
200 1436 414 1524 politicorum,
443 1445 568 1501 tenetur
591 1457 663 1502 eam
684 1435 797 1503 audire
817 1437 851 1502 in
872 1436 966 1521 libro,
988 1437 1043 1523 qui
1061 1435 1191 1523 legitur,
1213 1459 1286 1503 cum
1313 1436 1497 1525 diligencia,
1520 1439 1567 1502 sic

147 1536 234 1621 quod
253 1546 319 1602 tres
340 1534 498 1601 lecciones
519 1535 705 1601 immediate
729 1559 764 1601 se
786 1545 954 1624 sequentes
975 1558 1039 1601 non
1062 1534 1217 1622 negligat,
1238 1559 1297 1603 nec
1319 1536 1379 1602 sub
1401 1558 1467 1602 una
1487 1537 1568 1602 hora

147 1635 230 1701 duas
251 1634 411 1701 lecciones
429 1633 558 1718 babeat,
583 1634 642 1700 sub
664 1658 771 1723 poena
794 1658 859 1701 non
886 1635 1141 1723 computacionis
1169 1636 1261 1702 istius
1289 1635 1365 1702 libri
1385 1635 1494 1703 totalis
1516 1635 1568 1702 vel
1576 1645 1609 1701 10

147 1733 314 1821 parcialis.
354 1733 444 1800 Idem
465 1732 653 1820 intelligitur
674 1734 715 1800 de
736 1736 916 1802 exerciciis.

564 1892 592 1952 5.
617 1902 665 1950 ns
686 1903 786 1951 nono
810 1901 984 1951 sonvnrrm
1006 1902 1152 1954 assuunt

716 2003 775 2067 Vgl.
788 2005 939 2068 ‘Hauptstat
957 2004 998 2057 27.
1172 1968 1175 1974 Ι

227 2100 310 2166 Item
331 2098 465 2167 audiens
491 2100 632 2187 aliquam
657 2100 832 2168 leccionem
853 2101 906 2168 vel
934 2103 1128 2169 exercicium
1156 2125 1217 2190 pro
1245 2101 1352 2189 gradu
1377 2103 1412 2169 in
1442 2103 1566 2169 artibus

148 2209 180 2265 et
200 2200 256 2287 qui
276 2209 327 2266 est
354 2198 535 2284 solvendo²,
563 2200 683 2287 legenti
702 2201 754 2267 vel
782 2199 961 2288 disputanti
990 2201 1051 2269 sub
1078 2201 1220 2267 leccione
1239 2202 1293 2269 vel
1315 2203 1485 2275 exercicio,
1504 2212 1605 2290 perit

149 2301 330 2387 pecuniam,
352 2301 471 2387 pignus
483 2299 645 2366 sufficiens
655 2299 709 2366 vel
730 2302 914 2367 caucionem
933 2299 1172 2369 fideiussoriam
1191 2304 1285 2368 iuxta
1304 2313 1418 2368 texam
1434 2325 1454 2368 a
1469 2301 1568 2367 facul·

148 2408 215 2465 tate
243 2399 364 2465 factam
390 2398 444 2466 vel
473 2401 640 2487 antiquam
667 2400 928 2466 consuetudinem
953 2409 1087 2467 tenetur·
1110 2402 1304 2469 satisfacere.
1344 2402 1418 2467 Non
1445 2401 1569 2473 habens

149 2521 227 2567 vero
249 2500 336 2564 infra
355 2499 441 2565 idem
462 2510 588 2588 tempus
609 2505 801 2588 magistrum
828 2498 988 2586 legentem
1008 2499 1061 2566 vel
1089 2500 1307 2588 disputantem
1335 2501 1375 2567 de
1403 2525 1464 2567 sua
1490 2524 1568 2589 pau·

151 2608 278 2686 per-tate
306 2598 502 2665 sufficienter
525 2599 700 2666 informare
726 2608 861 2682 tenebar,
890 2596 949 2664 sub
976 2600 1081 2686 pecua
1108 2622 1174 2666 non
1196 2603 1451 2688 computacionis
1477 2602 1570 2667 istius

148 2698 302 2764 leccionis
323 2697 376 2763 vel
404 2699 566 2764 exercicii.
606 2698 749 2763 Tenetur
776 2706 885 2767 tamen
912 2698 986 2764 talis
1009 2698 1235 2766 nichilominus
1258 2702 1417 2785 magistro
1442 2699 1501 2764 tali
1527 2699 1611 2765 deae

148 2796 208 2863 tali
235 2793 321 2886 [37⁶]
350 2796 492 2864 leccione
518 2796 571 2864 vel
598 2798 757 2864 exercicio
786 2797 932 2886 plenarie
959 2799 1163 2883 satisfacere,
1194 2799 1275 2865 alias
1302 2799 1345 2864 ad
1372 2808 1570 2887 temptamen

148 2897 445 2985 magistrandornm
482 2920 547 2965 non
584 2897 784 2963 admittatm.
825 2896 939 2962 Talem
971 2899 1074 2962 eciam
1109 2908 1240 2986 reputat
1276 2898 1412 2963 facultas
1447 2899 1571 2963 arcium

150 2998 354 3083 magistrum,
376 3021 397 3064 a
416 3019 478 3086 quo
493 2996 666 3064 leccionem
680 2995 732 3063 vel
753 2997 949 3062 exercicium
970 2995 1105 3081 audivit,
1127 2996 1168 3063 de
1189 3022 1249 3064 sua
1270 3007 1461 3087 paupertate
1484 2997 1569 3062 suffi-

149 3096 272 3162 cienter
293 3098 572 3184 informasse,·qui
594 3095 653 3163 sub
673 3095 816 3162 leccione
834 3075 886 3161 v'el
908 3097 1079 3178 exercicio,
1100 3104 1136 3161 ut
1156 3099 1368 3183 praemissum
1390 3106 1450 3180 est,
1469 3097 1570 3183 magi-

151 3204 220 3261 stro
242 3194 300 3261 tali
326 3197 360 3261 in
385 3197 588 3263 consciencia
609 3219 668 3262 sua
689 3194 784 3280 dicit,
814 3195 900 3283 quod
925 3194 1024 3261 nichil
1053 3190 1174 3261 habeat
1201 3194 1265 3261 sibi
1294 3195 1373 3262 dare
1399 3196 1452 3262 vel
1483 3195 1611 3284 quod25

150 3295 353 3362 commodose
375 3296 438 3362 sibi
462 3296 535 3385 plus
556 3295 637 3362 dare
657 3318 723 3361 non
743 3295 863 3383 potuit,
891 3317 988 3383 quam
1017 3294 1080 3360 sibi
1110 3295 1189 3360 dare
1208 3295 1326 3381 voluit,
1355 3304 1388 3360 et
1414 3318 1488 3361 eum
1509 3296 1570 3361 hoc

149 3392 386 3462 habeatunum
406 3395 471 3461 fide
492 3395 635 3484 dignum,
655 3398 710 3481 qui
731 3394 843 3461 credat
864 3396 910 3459 ita
930 3395 998 3460 foro
1019 3393 1079 3460 sub
1100 3388 1160 3461 sua
1181 3397 1394 3462 consciencia.

185 3568 215 3630 6.
236 3579 271 3628 ΙΝ
291 3580 385 3642 Quos
406 3574 719 3631 olerussrlortmus
742 3576 940 3627 Oromenus
960 3578 1194 3628 Baccanamus
1213 3579 1471 3632 PROMOVENDUS
1493 3582 1540 3630 ΔΙ)

491 3679 636 3729 GRADUII
657 3678 857 3729 malsnaan
877 3677 1040 3726 ramnus
1060 3677 1230 3729 mennas.

717 3799 778 3863 Vgl.
796 3798 943 3861 Hauptstat.
961 3794 1003 3849 38.
1459 3746 1472 3769 x
1516 3846 1519 3851 ,
1578 3802 1612 3859 30

230 3909 317 3987 ,Item
338 3911 444 3978 nullus
464 3911 719 3978 baccalariorum
742 3911 839 3977 debet
859 3910 985 3976 admitti
1007 3910 1050 3977 ad
1065 3920 1262 3999 temptamen
1277 3934 1336 4000 pro
1351 3910 1458 3998 gradu
1471 3911 1571 3997 magi·

153 4009 256 4092 sterii,
279 4011 343 4076 nisi
363 4012 397 4077 in
424 4013 626 4078 consciencia
648 4032 707 4078 sua
735 4010 836 4093 dicat,
864 4008 952 4099 quod
974 4011 1065 4097 prius
1085 4012 1119 4075 in
1138 4012 1272 4097 triginta
1296 4008 1572 4099 disputacionibus

154 4109 330 4177 ordinariis
352 4109 610 4178 baccalariorum
630 4109 798 4198 arguebat,
821 4112 849 4176 si
869 4109 977 4176 locum
997 4108 1155 4197 arguendi
1174 4109 1295 4176 habere
1315 4112 1429 4198 potuit

186 4283 216 4343 7.
236 4294 272 4344 nt
294 4295 389 4357 Quor
411 4290 721 4349 nlsruramorunus
742 4293 940 4345 oanmaans
963 4291 1212 4341 nersraoams
1231 4293 1488 4344 Paouovmus
1507 4294 1544 4345 m

581 4394 728 4444 surmus
751 4394 915 4443 sanarint
936 4391 1152 4442 conannas.
1580 4385 1614 4442 35

723 4495 784 4558 sgr.
802 4480 954 4560 nauperes
969 4494 1010 4547 aa.

238 4610 321 4701 Item
340 4610 445 4676 nullus
466 4609 726 4677 baccalariorum
747 4609 870 4679 arcium
890 4606 1079 4675 admittatur
1100 4607 1144 4673 ad
1163 4617 1362 4698 temptamen
1381 4609 1573 4695 magistran-

154 4710 283 4795 dorum,
304 4711 369 4777 nisi
389 4714 424 4777 in
447 4713 649 4779 consciencia
664 4732 731 4777 oua
750 4708 853 4791 dicat,
876 4706 963 4797 quod
981 4708 1016 4775 in
1035 4709 1171 4796 triginta
1190 4707 1467 4797 disputacionibus
1489 4706 1573 4772 ordi-

245 4915 255 4965 1
274 4907 461 4967 Geschrieben
479 4908 516 4963 ist
531 4909 689 4963 mothona&
696 4873 742 4977 ω,
767 4905 825 4961 und
848 4921 921 4961 awar
941 4905 979 4960 ist
1001 4905 1198 4963 ausdriicklich
1213 4921 1244 4962 so
1261 4904 1418 4978 corrigiam,
1440 4902 1575 4959 nachdem

126 5059 131 5066 ,
155 4991 320 5065 anffinglich
337 4991 514 5067 gescbrIeben
532 5008 656 5062 gewesen
674 5008 731 5065 sear
747 4988 950 5045 mahometho.

243 5083 259 5134 2
276 5076 463 5137 Gescbriebsn
481 5074 556 5132 steht
573 5074 644 5132 ohne
662 5074 836 5145 Abkiiraung
850 5072 1004 5144 solvenda,
1026 5072 1081 5145 vgl.
1098 5072 1144 5128 die
1160 5072 1243 5131 Anin.
1265 5079 1335 5158 mul
1352 5079 1384 5130 tt
1402 5074 1451 5129 der
1467 5072 1575 5143 Haupt

154 5169 444 5306 ἰιωιῗῖιτιιπηιιιυοιι
460 5264 518 5302 naa
535 5263 608 5301 narr.
624 5260 744 5307 samara.
972 5299 977 5315 ,
1366 5249 1405 5313 23
