3756 6158
247 479 307 547 5511
783 490 833 540 1)15
853 489 1034 553 meologiscbe
1054 489 1183 542 15551111.

251 667 490 733 assecucionem
512 668 785 755 praebendarum,
824 675 858 738 in
884 683 1038 761 quantum
1066 682 1131 737 stat
1160 696 1219 760 per
1240 672 1427 740 facultatem
1443 675 1461 737 ¹.
1507 671 1662 739 Similiter

247 762 333 851 [14³]
354 766 510 832 stlocum
532 769 706 836 secundum
729 795 849 838 morem
876 772 1056 852 facultatis,
1087 772 1337 857 nonobstante,
1370 775 1399 839 si
1426 774 1587 860 magister
1614 773 1662 838 vel

247 866 394 949 magistri
416 869 635 932 universitatis
657 868 841 952 Pragcnsis,
866 882 1031 957 promotus
1059 870 1111 936 vel
1141 875 1280 959 promoti
1309 873 1352 938 ad
1378 873 1604 960 magisterium
1630 873 1662 936 in

246 962 408 1050 theologia
430 977 504 1031 ante
525 990 685 1033 recessum
706 972 801 1035 trium
823 973 993 1035 nacionum
1015 969 1056 1035 de
1077 971 1205 1056 Praga‚
1232 971 1351 1037 habeat
1379 970 1431 1036 vel
1453 971 1598 1037 habeant
1617 971 1659 1036 lo·

205 1071 221 1124 5
248 1084 320 1126 cum
342 1062 393 1127 vel
414 1064 486 1129 loca
505 1067 537 1130 in
560 1068 768 1134 universitate
798 1080 829 1134 et
858 1071 892 1134 in
919 1068 1044 1133 actibus
1072 1068 1271 1157 theologicae
1300 1070 1464 1136 facultatis
1496 1080 1572 1135 ante
1598 1093 1660 1135 ma·

245 1162 381 1246 gistrum
405 1163 455 1227 vel
475 1166 647 1250 magistros
669 1168 722 1232 hic
743 1179 924 1254 promotum
938 1168 990 1233 vel
1010 1179 1176 1254 promotos
1191 1179 1265 1234 ante
1281 1172 1543 1257 assumpcionem
1556 1169 1660 1235 hulus

246 1261 334 1326 modi
354 1264 501 1348 magistri
524 1264 576 1328 vel
596 1268 824 1353 magistrorum
846 1267 1021 1333 secundum
1043 1291 1164 1334 morem
1185 1269 1387 1356 praedictum
1398 1269 1421 1333 ².

330 1469 378 1530 22.
400 1463 495 1529 Auno
517 1464 638 1530 domini
655 1472 731 1534 1427
751 1466 804 1532 die
821 1476 834 1534 1
856 1470 973 1533 mensis
994 1467 1079 1532 Iunii
1099 1467 1283 1533 conclusum
1303 1469 1373 1551 fuit,
1396 1468 1483 1557 quod
1505 1470 1539 1533 in
1557 1479 1661 1556 poste·

247 1586 316 1628 rum
337 1562 442 1627 nullus
464 1564 652 1629 admittatur
674 1566 716 1630 ad
742 1590 887 1648 cursum,
916 1567 958 1633 ad
986 1568 1183 1650 sentencias,
1205 1567 1248 1632 ad
1275 1567 1452 1652 birretum,
1480 1569 1545 1633 nisi
1571 1569 1660 1649 iuret,

209 1674 239 1728 10
250 1662 335 1748 quod
356 1672 428 1748 post
449 1665 644 1749 principium
665 1667 697 1729 in
720 1689 850 1730 cursum
871 1666 922 1731 vel
945 1668 1120 1733 sententias
1141 1676 1267 1754 etpost
1293 1670 1520 1756 recepcionem
1551 1667 1660 1733 birreti

245 1772 374 1827 maneat
405 1762 444 1924 iq
466 1761 599 1848 Lyptzk
629 1787 687 1850 per
717 1764 880 1832 biennium
910 1775 942 1832 et
969 1767 1057 1855 legat
1084 1776 1115 1831 et
1144 1766 1244 1831 faciat
1270 1790 1327 1850 ea,
1356 1788 1439 1855 quae
1465 1772 1660 1833 concernunt

249 1872 340 1925 s‘uum
361 1883 422 1947 gra
445 1884 508 1925 um.

325 2017 373 2080 23.
394 2011 489 2077 Anno
512 2012 633 2079 domini
658 2020 734 2082 1427
756 2015 808 2081 die
829 2021 868 2082 25
890 2018 1009 2081 mensis
1032 2017 1177 2082 Ianuarii
1204 2015 1389 2082 conclusum
1411 2025 1460 2081 est
1482 2036 1541 2102 per
1561 2014 1657 2080 facul·

244 2121 343 2177 tatem
364 2110 577 2198 theologicam
606 2115 823 2197 concorditer,
850 2116 936 2202 quod
970 2115 1208 2202 promovendus
1239 2114 1282 2180 ad
1311 2115 1481 2181 birretum'
1501 2115 1536 2178 in
1569 2137 1658 2179 sacra

207 2210 412 2295 tttheologia
432 2210 483 2275 vel
511 2212 554 2276 ad
580 2213 796 2301 doctoratum,
824 2223 996 2301 antequam
1023 2213 1278 2301 promovebitur,
1300 2211 1384 2302 [14¹³]
1413 2223 1554 2300 reponat
1580 2236 1659 2278 sum-

244 2334 332 2375 mam
353 2320 412 2376 etc.
434 2306 581 2393 (meter
606 2318 793 2392 perstrictae
825 2321 859 2381 18
887 2336 1126 2399 sexagenorum
1151 2311 1369 2399 antiquarum)
1392 2312 1483 2399 apud
1504 2313 1658 2379 decanum

246 2410 408 2475 facultatis
429 2409 639 2496 theologicae.
687 2412 768 2476 Item
798 2422 873 2498 post
889 2415 1062 2500 vesperias
1090 2416 1125 2479 in
1151 2414 1291 2479 crastino
1319 2411 1416 2477 debet
1437 2414 1546 2479 facere
1568 2435 1659 2500 pran-

247 2509 335 2574 dium
356 2508 542 2574 doctoribus
565 2533 677 2575 sacrae
697 2511 879 2598 theologiae
901 2524 934 2579 et
954 2514 1084 2580 eosdem
1104 2515 1138 2578 in
1160 2511 1243 2577 cibis
1265 2522 1299 2576 51
1322 2513 1356 2576 in
1379 2510 1512 2597 potibus
1533 2511 1658 2577 honori·

245 2610 305 2675 fice
330 2619 477 2674 tractare.
519 2608 601 2673 Item
629 2612 712 2675 iuret
736 2621 824 2697 ante¹
840 2615 1061 2700 recepcionem
1089 2611 1220 2692 birreti,
1247 2609 1333 2698 quod
1353 2609 1432 2675 velit
1459 2632 1520 2696 per
1548 2633 1585 2676 se
1605 2633 1657 2697 per

206 2709 331 2774 wduos
351 2730 453 2773 annos
475 2709 623 2793 proxime
646 2720 815 2796 sequentes
836 2722 911 2798 post
930 2712 1171 2800 promocionem
1188 2710 1297 2794 legere
1316 2711 1351 2772 in
1369 2707 1536 2795 theologia
1558 2733 1656 2788 sacra,

244 2810 305 2873 nisi
329 2829 426 2894 super
450 2806 510 2872 hoc
532 2830 641 2873 secum
663 2831 721 2894 per
744 2809 931 2875 facultatem
952 2811 1048 2875 fuerit
1068 2809 1297 2895 dispensatum.
1338 2809 1420 2873 Item
1446 2810 1483 2872 in
1509 2809 1573 2889 die,
1596 2832 1653 2895 qua

244 2906 405 2971 tenebitur
424 2907 499 2972 atila
519 2929 578 2993 pro
599 2906 717 2995 aliquo,
736 2908 822 2974 idem
844 2909 990 2975 novellus
1012 2909 1124 2975 doctor
1146 2907 1241 2973 debet
1260 2908 1369 2972 facere
1390 2929 1528 2974 coenam
1550 2908 1653 2974 docto·

243 3007 333 3071 ribus
356 3016 387 3070 et
407 3009 440 3070 in
463 3007 603 3071 crastino
623 3006 666 3071 ad
688 3008 869 3093 prandium,
887 3009 1044 3092 doctores,
1064 3017 1161 3095 prout
1180 3028 1279 3093 supra
1298 3014 1421 3071 tactum
1440 3017 1501 3090 est,
1525 3008 1560 3072 in
1575 3031 1657 3072 esen

243 3106 338 3171 lentis
361 3113 393 3170 et
413 3104 591 3192 poculentis
613 3104 789 3172 honorifice
818 3107 998 3173 tractando.

203 3266 236 3321 2⁵
329 3261 377 3321 24.
407 3254 501 3320 Anno
522 3254 642 3320 domini
668 3262 743 3325 1435
767 3256 820 3322 die
842 3265 881 3324 25
904 3259 1022 3322 mensis
1043 3257 1127 3321 Iunii
1156 3254 1337 3321 conclusum
1368 3255 1430 3320 fuit
1458 3255 1655 3322 concorditer

246 3379 304 3442 per
324 3353 518 3434 facultatem,
541 3354 627 3438 quod
643 3354 748 3420 nullus
767 3358 1006 3442 magistrorum,
1029 3357 1063 3420 in
1084 3355 1245 3440 theologia
1266 3364 1442 3441 promotus,
1464 3355 1656 3443 peramplius

245 3454 432 3519 admittatur
459 3452 502 3516 ad
531 3454 700 3518 consilium
728 3455 892 3519 facultatis
920 3449 1094 3536 eiusdem,¹
1111 3455 1174 3518 nisi
1204 3475 1296 3517 suum
1327 3452 1495 3518 biennium
1525 3454 1654 3542 comple

243 3554 327 3618 verit
349 3550 524 3616 secundum
546 3552 632 3638 quod
653 3554 780 3618 iuravit.

327 3709 374 3769 25.
396 3701 490 3766 Anno
508 3708 596 3783 1440,
620 3702 672 3767 die
693 3726 770 3769 vero
791 3713 884 3769 sexta
905 3706 1024 3768 mensis
1044 3703 1138 3784 Iunii,
1159 3703 1194 3766 in
1215 3703 1473 3787 congregacione
1495 3704 1656 3789 magistro

204 3811 316 3867 30rum
332 3800 492 3865 facultatis
510 3797 595 3887 [15²]
612 3801 655 3864 ad
670 3801 731 3865 hoc
754 3803 937 3888 specialiter
958 3804 1044 3867 sacta
1066 3811 1185 3866 statuta
1206 3800 1391 3887 subscripta
1411 3811 1571 3888 concepta
1592 3815 1657 3867 sunt

246 3923 284 3965 ac
304 3899 471 3980 conclusa,
495 3908 525 3962 ct
547 3898 700 3986 deinceps
722 3903 825 3966 eciam
853 3925 911 3988 per
937 3923 1046 3966 omnes
1078 3901 1266 3984 magistros,
1296 3900 1384 3965 nullo
1410 3902 1656 3977 contradicente,

248 3998 437 4085 approbata.
482 3998 609 4063 Primo³
642 4000 727 4086 quod
760 4003 791 4065 in
815 4013 911 4066 antea
933 4000 1050 4085 singuli
1072 4000 1105 4062 in
1128 4021 1222 4063 sacra
1242 3998 1404 4085 theologia
1423 4000 1589 4067 licenciati
1605 4024 1656 4088 per

245 4098 314 4162 dies
336 4097 536 4162 caniculares
557 4107 590 4162 51
610 4101 711 4164 eciam
731 4099 813 4164 alias
829 4100 899 4166 loco
920 4112 953 4164 et
976 4101 1009 4165 in
1034 4099 1214 4164 subsidium
1235 4099 1467 4182 magistrorum
1489 4100 1534 4165 ad
1556 4100 1655 4186 legen·

246 4196 323 4260 dum
337 4195 380 4259 ad
395 4218 621 4282 sermonesque
639 4200 670 4262 in
687 4200 795 4262 missis
815 4201 1036 4264 universitatis
1057 4210 1089 4263 51
1109 4207 1202 4263 extra
1222 4194 1416 4261 collaciones
1438 4199 1657 4286 quoquomodo

202 4305 235 4360 ³5
245 4294 437 4374 faciendum,
460 4317 532 4358 cum
544 4297 727 4361 ostensione
743 4320 781 4362 ac
797 4299 1012 4384 inscripcione
1025 4296 1208 4377 eorundem,
1230 4295 1379 4381 requisiti
1399 4318 1460 4382 per
1480 4299 1658 4364 facultatem

333 4509 417 4586 ¹.A¹¹¹
436 4508 544 4562 Raude:
574 4508 685 4562 Senium
708 4511 863 4578 magisterii
888 4518 1059 4580 cosnputetor
1084 4509 1201 4578 Lipsiae
1225 4527 1244 4562 5
1264 4509 1310 4562 die
1334 4511 1506 4580 acceptionis
1526 4514 1596 4566 inter
1611 4531 1659 4564 mu·

242 4592 342 4658 qistroa
357 4599 472 4646 5551555.

331 4682 345 4729 1
363 4673 423 4728 Aus
439 4676 528 4730 dieser
545 4675 735 4745 Bestimmung
752 4677 819 4747 geht
837 4676 983 4731 zweifcllos
998 4675 1103 4743 berver,
1128 4677 1192 4730 dass
1208 4676 1252 4730 die
1270 4674 1400 4732 Statuten
1420 4676 1464 4731 bis
1480 4676 1577 4734 bicher
1600 4679 1658 4733 bald

241 4759 312 4812 nach
330 4761 378 4813 der
394 4759 628 4831 Uehersiedelung
648 4779 700 4814 von
721 4761 794 4831 Prag
812 4759 884 4814 nach
902 4761 1019 4831 Leipzig
1036 4759 1178 4831 abgefasst
1196 4759 1264 4813 sind.
1301 4760 1374 4815 Dass
1398 4761 1438 4816 sie
1459 4780 1510 4816 ror
1531 4769 1592 4819 1427
1610 4762 1653 4816 fal-

242 4841 300 4904 len,
327 4842 437 4897 5555151
453 4844 503 4896 das
522 4844 626 4897 Datum
643 4845 693 4899 der
710 4844 857 4913 folgenden
875 4842 1081 4916 Paragraphen,
1098 4844 1149 4897 mit
1161 4844 1254 4898 denen
1270 4842 1315 4898 die
1332 4843 1595 4902 Zusatabeschliisse
1614 4847 1653 4901 be

241 4924 342 4993 ginnen
360 4927 436 4996 (oder
454 4927 540 4981 schon
560 4928 610 4980 mit
630 4933 685 4993 555,
705 4928 776 4992 2311.

238 5022 240 5027 ’
324 5014 338 5061 3
357 5009 410 5063 Am
429 5011 539 5065 Raude:
565 5013 715 5065 Licmtiati
735 5020 867 5079 ceperano
891 5012 977 5078 lepore
1000 5012 1093 5065 diebus
1117 5010 1320 5064 coniectoribus
1344 5019 1369 5064 51
1387 5031 1445 5082 pro
1467 5014 1600 5085 theologi}
1620 5033 1657 5068 or

244 5092 372 5145 (11555155.
