3756 6158
250 467 307 532 122
728 470 780 519 Des
800 471 933 521 lohannes
950 471 1028 521 Fabri
1046 473 1079 521 cle
1097 473 1210 522 Werdea

247 670 320 714 rum
345 647 470 715 consilii
498 649 660 714 facultatis
683 653 800 716 artium
822 654 1009 738 concepisse
1029 674 1068 716 ac
1088 674 1185 717 manu
1208 652 1344 738 propria
1362 652 1502 720 fideliter
1522 655 1663 718 conscri-

247 749 360 836 psisse
401 747 440 812 ln
465 770 598 835 quorum
627 752 768 815 omnium
795 762 826 816 et
855 751 1056 842 singulorum
1083 752 1336 838 praemissorum
1361 751 1474 834 fidem,
1502 752 1605 819 robur
1624 775 1663 817 ac

246 847 379 913 evidens
401 849 619 913 testimonium
640 872 698 915 nos
721 850 862 916 decanus
883 851 1087 938 supradictus
1108 850 1249 937 sigillum
1270 850 1448 918 decanatus
1461 848 1550 940 [est]
1564 854 1665 918 nosti

247 945 472 1034 praesentibus
500 948 769 1014 testimonialibus
800 948 916 1016 litteris
942 950 1094 1016 duximus
1114 948 1364 1036 appendendum
1385 961 1418 1019 et
1440 951 1663 1041 appendimus

220 1046 354 1112 5Datae
389 1069 473 1112 anno
506 1046 619 1112 salutis
652 1048 848 1115 christianae
884 1049 1055 1121 millesimo
1093 1049 1419 1136 quadringentesimo>
1454 1052 1663 1138 nonagesimo

245 1147 367 1234 primo,
391 1146 444 1212 die
465 1170 542 1213 vcro
565 1147 668 1230 Iovis,
689 1149 887 1235 paenultima
906 1148 1025 1235 nitescis
1048 1148 1257 1236 Septembris.

280 1318 329 1382 80.
359 1332 532 1381 urrunnun
556 1332 847 1400 uusrmoumffltt,
869 1333 966 1395 QUOD
989 1334 1067 1394 Quis
1087 1334 1154 1381 ena
1169 1310 1368 1381 “namuurum
1388 1332 1566 1383 counnrun
1587 1333 1624 1383 nr

298 1431 426 1480 sunnio
448 1432 616 1480 scurnum
636 1424 837 1494 mmnuquu'
851 1432 1106 1515 ramosoequ
1126 1434 1172 1481 nn
1192 1432 1316 1482 nonum
1337 1431 1617 1481 nouvnusarrour

761 1533 902 1583 ornnem
922 1532 1148 1582 munorum.

206 1658 237 1712 10
329 1645 449 1713 Coram
477 1649 638 1737 universis
669 1659 701 1714 et
731 1649 866 1736 singulis
892 1658 1025 1715 sanctae
1041 1649 1155 1713 matris
1177 1646 1333 1714 ecclesiae
1353 1645 1443 1730 filiis,
1476 1656 1665 1735 praesentes

245 1747 370 1813 litteras
390 1748 520 1829 visuris,
542 1745 674 1812 lecturis
694 1747 746 1813 vel
767 1749 935 1832 audituris,
958 1770 1017 1815 nos
1033 1749 1080 1814 .N.
1102 1757 1162 1815 etc.
1184 1757 1292 1813 rector
1312 1755 1424 1812 tenore
1444 1749 1664 1834 praesentium

244 1846 375 1935 publice
401 1848 660 1932 recognoscimus
689 1848 894 1934 prolitentes,
922 1847 1067 1913 validum
1088 1848 1136 1915 Ν.
1158 1846 1327 1934 praefatae
1354 1853 1486 1913 nauso
1505 1847 1663 1913 universi·

246 1948 323 2011 tatis
352 1948 555 2033 suppositum
581 1955 613 2012 et
641 1946 821 2017 membrum
846 1970 919 2013 esse
940 1946 1113 2013 admodum
1135 1957 1265 2032 gratum
1285 1946 1321 2010 in
1342 1945 1520 2031 eademque
1538 1947 1665 2013 univer*

152 2108 154 2112 .
246 2048 340 2111 sitate
366 2053 479 2111 nosba
506 2044 706 2131 aliquamdiu
729 2047 891 2114 bonarum
919 2048 1038 2112 artium
1061 2044 1249 2132 'disciplinis
1277 2054 1309 2111 et
1332 2046 1500 2132 signanter
1521 2045 1664 2133 praeda

207 2155 358 2213 urorum
377 2146 495 2210 iurium
514 2146 800 2214 exercitationibus
818 2148 1038 2234 virtutumque
1058 2168 1098 2211 ae
1118 2144 1278 2211 bonorum
1298 2167 1425 2211 morum
1443 2143 1572 2211 actibus
1592 2168 1665 2233 ope·

245 2268 316 2311 ram
337 2244 535 2332 impendisse
557 2243 754 2331 diligentem,

245 2343 366 2410 ibidem
380 2365 507 2432 quoque
521 2366 580 2431 per
597 2346 770 2411 triennium
785 2345 913 2411 etultra
953 2350 1010 2409 Am
1029 2350 1139 2410 Raude
1164 2366 1222 2407 oon
1248 2347 1287 2406 F.
1306 2348 1545 2427 malgerum:
1579 2343 1664 2411 inru-

247 2443 346 2509 studii
367 2445 461 2509 acin
481 2442 689 2531 philosophia
712 2444 913 2510 exercitandi
954 2469 1013 2532 per
1040 2448 1115 2532 post
1140 2453 1290 2530 tempora
1309 2440 1536 2529 completionis
1556 2443 1663 2511 lectio

248 2566 347 2610 causa
378 2546 527 2611 antinus
561 2545 702 2626 stetisse,
737 2545 923 2630 magistris,
954 2538 1041 2627 num,
1063 2545 1293 2610 exercitiorum
1314 2541 1518 2631 aliorumque
1537 2556 1664 2619 actuum

205 2642 454 2726 todoctoribus,
482 2643 654 2709 licentiatis
683 2642 818 2731 aliisque
847 2644 913 2708 suis
956 2642 1237 2725 scholasticorum,
1270 2640 1513 2708 baccalariatus
1540 2651 1575 2708 et
1602 2665 1663 2709 ma·

247 2742 424 2808 maioribus
451 2741 572 2807 ibidem
597 2741 787 2828 degentibus
812 2742 913 2809 hono·
955 2743 1080 2830 gisterii
1103 2743 1139 2807 in
1170 2739 1296 2807 artibus
1320 2740 1443 2828 gradus
1473 2763 1663 2809 concernen-

246 2864 316 2907 rem
335 2851 366 2906 et
379 2842 594 2907 reverentiam
610 2840 737 2907 debitos
751 2841 913 2908 exhibuis-
955 2846 1046 2925 tium,
1066 2840 1161 2908 iuxta
1181 2851 1313 2908 nostrae
1333 2841 1557 2925 universitatis
1573 2863 1662 2929 prae

248 2963 297 3024 se,
320 2941 430 3028 sicque
452 2940 597 3007 moribus
616 2940 860 3026 laudatissimis,
955 2944 1062 3009 dictae
1082 2944 1181 3008 ritum
1201 2951 1233 3009 et
1247 2939 1523 3025 consuetudinem,
1543 2942 1664 3028 rigoro-

695 3072 699 3080 ·
955 3044 1001 3109 sis
1023 3040 1228 3113 examinibus
1254 3040 1481 3127 consuetisque
1504 3039 1663 3117 sollemni·

204 3152 237 3209 25
954 3142 1076 3208 tatibus
1111 3138 1328 3228 praehabitis,
1369 3128 1500 3205 medem
1542 3139 1663 3227 gradus

877 3322 881 3329 Ι
955 3242 1138 3308 successive
1163 3238 1274 3326 palam
1301 3249 1335 3304 et
1363 3237 1562 3305 sollemniter
1589 3260 1663 3329 pro·

955 3341 1108 3407 motionis
1137 3339 1251 3405 laurea
1272 3336 1427 3425 adeptum
1448 3338 1573 3422 fidsse,
1595 3349 1663 3406 tan·

956 3440 1093 3526 demque
1114 3448 1190 3527 post
1212 3439 1367 3526 adeptum
1384 3438 1613 3525 magisterium
1632 3439 1664 3505 in

900 3546 905 3557 '
956 3540 1045 3606 dicta
1062 3540 1275 3605 universitate
1297 3536 1447 3624 legendo,
1468 3537 1663 3625 disputando

955 3639 1102 3727 aliosque
1135 3647 1228 3703 aetus
1255 3637 1465 3704 scholasticos
1494 3636 1664 3726 diligenter

955 3737 1135 3804 exercendo
1165 3760 1224 3826 per
1246 3736 1413 3803 biennium
1431 3746 1465 3803 et
1484 3736 1574 3805 rrltra
1593 3759 1664 3805 con·

953 3840 1043 3904 tinue
1065 3840 1203 3921 stetisse,
1224 3835 1370 3903 moribus
1392 3835 1533 3926 denique
1553 3835 1664 3927 lauda·

953 3939 1088 4003 tissimis
1109 3947 1170 4005 etc.

247 4040 334 4104 vitae
360 4061 488 4127 quoque
515 4038 639 4103 meritis
665 4036 907 4125 praestantibus
938 4037 1113 4125 plurimum
1140 4034 1429 4104 commendabilem
1456 4057 1528 4101 sese
1560 4034 1665 4103 reddi·

206 4138 352 4220 35disse,
375 4148 411 4203 ut
436 4137 524 4203 haud
549 4138 708 4203 immerito
734 4138 770 4201 in
800 4138 1019 4204 virtuosorum
1039 4157 1173 4202 numero
1196 4132 1280 4224 [36⁸]
1304 4133 1421 4201 haberi
1442 4136 1664 4222 computarive

247 4236 372 4302 debeat
416 4237 526 4319 Quare
548 4247 839 4324 praememoratum
861 4236 1028 4304 dominum
1049 4236 1111 4319 .N.,
1133 4246 1264 4301 noemae
1286 4233 1490 4321 praelibatae
1509 4235 1664 4301 universi·

248 4340 324 4403 tatis
344 4336 526 4403 membrum
548 4347 580 4401 et
597 4335 760 4401 alumnum
780 4335 946 4414 dilectum,
976 4334 1125 4402 omnibus
1153 4344 1185 4400 et
1212 4333 1365 4420 singulis,
1394 4333 1438 4399 ad
1465 4356 1548 4424 quos
1575 4354 1665 4422 prae

249 4446 354 4503 sentes
374 4447 505 4503 nostrae
526 4437 733 4523 pervenerint
753 4436 890 4517 litterae,
909 4435 1047 4500 fideliter
1073 4433 1391 4517 recommendamus,
1417 4455 1516 4523 quarn
1536 4432 1664 4499 uincam

247 4547 297 4603 ter
323 4547 491 4624 rogantes,
518 4543 673 4621 quatenus
701 4535 806 4600 eidem
826 4534 957 4599 domino
980 4534 1036 4617 .N.,
1056 4543 1188 4599 nostrae
1211 4534 1432 4599 universitatis
1450 4534 1572 4601 intuitu
1597 4556 1664 4600 suo

212 4648 389 4724 torumque
409 4637 596 4702 meritorum
618 4634 900 4722 contemplatione,
928 4633 1067 4716 favoris,
1093 4631 1351 4717 benevolentiae,
1374 4632 1518 4716 consilii,
1540 4656 1665 4722 promo

247 4737 344 4802 tionis
367 4747 398 4801 et
418 4734 534 4801 auxilii
555 4733 713 4800 beneficia
734 4736 768 4799 in
789 4735 856 4799 stris
877 4731 986 4814 rebus,
1008 4735 1116 4799 causis
1134 4743 1165 4797 et
1177 4733 1326 4818 negotiis,
1348 4734 1431 4799 actis
1449 4732 1503 4800 vel
1521 4733 1665 4820 gandia

248 4836 429 4901 favorosius
449 4835 609 4921 impertiri
631 4834 813 4920 dignentur,
835 4856 895 4899 nos
918 4854 977 4918 per
998 4831 1060 4897 hoc
1081 4833 1125 4898 ad
1143 4831 1334 4916 consimilia,
1362 4833 1461 4899 immo
1481 4831 1581 4920 longe
1601 4854 1665 4899 ma·

249 4937 321 5003 iora
342 4934 649 5022 complacentiarum
670 4955 791 5021 genera
813 4932 1071 5018 constringendo.
1113 4933 1152 4998 In
1177 4954 1315 5017 quorum
1337 4934 1482 4999 omnium
1502 4943 1537 4999 et
1559 4934 1666 5019 singu·

249 5034 354 5101 lorum
375 5039 627 5120 praemissorum
647 5033 762 5115 fidem,
785 5032 887 5098 robur
908 5054 948 5098 sc
969 5032 1101 5097 evidens
1124 5033 1341 5098 matimonium
1361 5041 1545 5099 rectoratus
1565 5031 1666 5099 nostri

207 5133 392 5222 usigillum
411 5132 638 5224 praesentibus
660 5132 813 5198 duximus
835 5129 1085 5219 appendendum
1107 5142 1140 5197 et
1162 5131 1386 5219 appendimus.
1425 5132 1539 5200 Datne
1558 5141 1619 5200 etc
