3756 6158
584 481 677 531 Ftiufte
696 479 959 545 Statutenredaction,
978 496 1037 532 rom
1057 482 1138 531 dabre
1158 483 1229 533 tuot.
1565 481 1625 549 489

207 700 234 762 2·
264 713 489 761 ASSUMENDUS
516 713 751 763 autferttttttus
779 715 1015 764 ausr’ort'slontt
1045 715 1157 762 FACTA
1188 715 1328 763 lUltABlT
1358 711 1627 762 marrasosslrros

821 816 1024 865 ARTICULOS.

293 929 385 1015 „Ego
399 930 448 993 .Ν.
464 931 537 995 iuro
553 931 646 995 vobis
662 931 784 996 decano
806 941 837 995 et
858 934 975 997 vestris
998 929 1237 996 successoribus
1260 931 1480 993 reverenciam
1503 939 1534 993 et
1555 927 1628 992 obe·

208 1029 369 1094 dienciam
393 1031 427 1094 in
444 1030 543 1095 licitis
565 1041 597 1096 et
617 1031 777 1113 honestis,
802 1042 834 1095 et
855 1054 987 1096 servare
1010 1041 1131 1096 statuta
1151 1039 1183 1093 et
1204 1028 1376 1094 statuenda
1398 1052 1458 1116 pro
1483 1051 1577 1115 posse
1599 1037 1631 1090 et

206 1151 313 1208 nosse,
336 1139 367 1193 et
388 1151 565 1216 procurare
587 1130 706 1195 bonum
728 1130 899 1196 facultatis.
1655 1134 1671 1188 5

290 1229 391 1310 „Item
413 1230 499 1311 iuro,
528 1229 614 1315 quod
643 1231 728 1296 infra
757 1230 951 1319 quindenam
973 1230 1069 1295 velim
1097 1229 1223 1294 solvere
1243 1226 1390 1292 facultati
1412 1249 1510 1291 unuin
1532 1225 1625 1289 flore-

206 1350 283 1391 num
306 1350 474 1393 reneneem
496 1329 530 1393 iu
546 1352 624 1395 auro
643 1330 693 1395 vel
716 1330 934 1418 aequivalens,
957 1341 988 1395 et
1009 1329 1176 1395 dimidium
1199 1328 1356 1393 florenum
1380 1349 1438 1412 pro
1459 1326 1537 1391 fisco
1561 1326 1628 1390 uni·

206 1427 390 1509 versitatis,
412 1428 463 1497 vel
484 1428 629 1494 obtinere
656 1432 725 1494 eius
748 1429 940 1494 dilacionem
962 1429 1014 1494 vel
1036 1429 1253 1494 dimissionem
1276 1425 1318 1490 ab
1339 1425 1461 1489 eadem.

291 1527 393 1609 „Item
414 1529 501 1612 iuro,
524 1527 611 1614 quod
632 1530 758 1595 nunciis
780 1531 850 1595 sive
871 1529 1001 1595 famulis
1029 1528 1252 1594 universitatis
1275 1524 1359 1590 dabo
1382 1524 1531 1590 adminus
1552 1548 1629 1612 qua·

206 1634 281 1690 tuor
301 1647 442 1711 grossos.
1642 1634 1672 1688 to

290 1726 391 1806 „ltem
418 1729 508 1809 iuro,
536 1728 623 1815 quod
651 1728 770 1793 bonum
800 1728 894 1794 huius
921 1728 1140 1793 universitatis
1169 1735 1201 1790 et
1229 1724 1391 1790 facultatis
1422 1726 1561 1806 areium,
1587 1722 1629 1788 ad

208 1848 431 1913 quemcunque
451 1837 570 1892 statum
592 1827 765 1911 devenero,
787 1828 884 1893 velim
905 1852 1090 1915 procurare.

291 1991 416 2072 „ltem¹
445 1993 533 2074 iuro,
557 1995 645 2080 quod
667 1995 809 2080 legitime
831 2006 927 2060 natus
948 1997 1025 2076 sim,
1052 2017 1171 2059 anuum
1201 1991 1361 2056 decimum
1393 1991 1564 2076 septimum
1588 1988 1630 2053 ad

209 2092 319 2154 minus
352 2091 514 2176 attigerim
546 2104 578 2157 et
605 2093 649 2158 ad
679 2096 899 2160 universitatis
929 2095 1116 2181 Liptzensis
1144 2091 1346 2158 matriculam
1378 2112 1437 2176 per
1466 2089 1631 2154 dominum

206 2199 365 2255 rectorem
388 2191 448 2254 sim
470 2193 642 2279 scriptus.“
1640 2198 1670 2252 15

289 2287 353 2355 His
374 2286 465 2357 lectis
485 2315 544 2382 per
566 2292 733 2377 decanum,
756 2295 842 2360 iurat
862 2293 1067 2360 baccalarius
1086 2292 1129 2360 ad
1146 2314 1261 2357 manus
1280 2289 1406 2372 decani,
1420 2288 1548 2354 dicens:

811 2393 905 2480 „Ego
933 2394 1037 2459 iur0.“

255 3023 279 3071 5,
301 3011 963 3079 1116111ΒΤΑΤυΤΕΝΒΕΒΑ(1ΤΙΟΝ,Ι)ΕΝ
982 3020 1213 3073 LEHRCURSUS
1234 3022 1372 3071 1111111111
1375 3019 1482 3079 FEND,
1506 3019 1580 3066 volt

494 3103 610 3152 Jntrart
628 3102 698 3164 leot,
721 3104 836 3154 uuest*
860 3105 998 3157 ZUSA'I'Z
1017 3105 1095 3155 VOM
1115 3106 1232 3156 JAHRE
1254 3104 1346 3156 1512.2

205 3249 324 3339 1.·[Β1
349 3247 422 3337 33⁸]
460 3249 650 3314 Decanus
682 3249 931 3339 subscripta
964 3264 1124 3319 statuta
1153 3252 1366 3341 publicare
1397 3262 1562 3315 tenetur
1591 3251 1673 3314 ineo

204 3351 386 3418 lectorio
413 3348 724 3415 ordinariarum
754 3350 1091 3439 disputationum
1118 3355 1228 3417 infre
1254 3353 1428 3440 primum
1461 3372 1629 3414 mensem

205 3452 400 3539 posteius
418 3449 709 3514 electioncmet
727 3451 837 3515 infra
855 3475 1035 3517 mensem
1054 3462 1148 3517 ante
1169 3453 1294 3517 finem
1315 3453 1379 3517 sui
1400 3451 1629 3516 decanatus.

390 3549 731 3635 Concernuntque
752 3572 888 3615 omnes
909 3553 949 3615 in
971 3550 1132 3616 artibus
1153 3549 1456 3640 promovendos

783 3650 1053 3736 generaliter.
1307 3650 1310 3655 ’

908 3809 932 3868 1.
1639 3809 1672 3864 25

290 3916 412 3980 Parum
433 3914 568 4002 prodest
587 3924 708 3980 statuta
736 3916 891 4000 condere,
919 3920 982 3983 nisi
1013 3919 1193 3983 executioni
1226 3917 1356 3984 debitae
1388 3917 1629 3984 demandentur.

205 4018 341 4098 Iccirco,
364 4015 498 4100 nequis
522 4015 819 4100 perignorantiam
849 4027 1040 4082 statutorum
1073 4040 1107 4082 sc
1136 4018 1245 4082 valcat
1272 4019 1379 4106 aliquo
1411 4019 1505 4083 ruodo
1535 4041 1629 4082 excu-

205 4138 297 4199 sare,
318 4114 461 4179 decanus
483 4137 544 4201 pro
566 4126 710 4200 tempore
734 4118 877 4181 existens
898 4116 948 4181 bis
976 4117 1010 4180 in
1041 4116 1199 4182 decanatu
1230 4140 1288 4182 suo
1319 4127 1441 4182 statuta
1470 4117 1632 4183 1666116116

205 4216 325 4283 artium
347 4212 553 4300 subscripta,
576 4214 745 4300 supposita
766 4238 849 4300 quac
873 4214 1034 4302 complent
1056 4219 1301 4299 concernentia,
1325 4216 1384 4282 sub
1406 4239 1512 4303 poena
1535 4217 1629 4280 trium

205 4315 421 4396 florenorum,
444 4311 593 4378 facultati
615 4315 732 4379 artium
754 4313 1020 4379 irremissibiliter
1048 4316 1354 4402 persolvendorum,
1375 4326 1499 4380 tenetur
1521 4313 1671 4403 publi-30

205 4435 301 4495 care,
323 4423 356 4477 et
377 4409 587 4477 excedentem
608 4412 661 4478 vel
682 4413 876 4479 excedentes
895 4425 1008 4478 contra
1028 4415 1120 4500 ipsa,
1143 4414 1183 4480 de
1205 4439 1268 4503 quo
1289 4412 1340 4480 vel
1362 4414 1402 4480 de
1429 4413 1545 4502 quibus
1567 4413 1629 4481 sibi

295 4651 306 4701 l
326 4645 425 4701 Dieaer
445 4643 529 4699 letzte
546 4643 653 4699 Absatz
670 4645 706 4699 iat
725 4648 817 4716 spitter
834 4644 1051 4717 nachgetragen‚
1068 4646 1119 4702 wie
1136 4663 1167 4702 es
1183 4645 1290 4700 scheint
1314 4663 1368 4701 rou
1393 4645 1499 4701 Amold
1520 4646 1630 4702 111616-

205 4729 301 4798 feldea,
317 4729 366 4785 der
387 4734 472 4784 troas
490 4727 588 4782 Decau
607 4744 671 4783 war.

292 4819 306 4865 'l
328 4812 411 4867 Dicae
431 4812 597 4878 Reduction,
620 4811 755 4867 ebenfalla
783 4814 821 4866 im
842 4813 969 4884 Original
992 4813 1117 4869 erhalten
1144 4815 1210 4884 (vgl.
1229 4814 1297 4870 Urk.
1318 4813 1433 4879 Quellen
1458 4812 1632 4885 181216),

204 4897 315 4955 66111111
341 4897 387 4951 (116
411 4895 585 4968 wicbtigsten
608 4896 840 4967 Urnttudcruugen
864 4898 913 4952 dea
935 4897 1117 4953 Lehrcursua.
1158 4899 1197 4953 Es
1220 4916 1277 4953 war
1300 4897 1394 4966 daher,
1411 4896 1518 4952 obwohl
1538 4897 1567 4952 16
1582 4898 1632 4953 der

204 4990 298 5038 ersten
316 4980 489 5051 Abtheilung
505 4980 549 5035 die
567 4980 737 5051 Aulehnung
755 4999 790 5037 an
813 4981 858 5036 die
876 4981 986 5038 frithere
1005 4983 1159 5037 ltodaction
1176 5000 1208 5036 sc
1224 4982 1278 5038 viel
1295 4982 1345 5038 wie
1367 4981 1488 5053 mdgticb
1506 4981 1629 5037 wbrtlich

204 5065 255 5133 iat,
273 5082 309 5119 au
332 5065 481 5121 kleinerem
499 5065 620 5129 Drucke,
638 5064 691 5118 den
710 5065 755 5119 ich
779 5065 899 5136 aufaugs
925 5066 1143 5139 beautehogoe,
1165 5066 1335 5138 keiuesrregr
1356 5084 1392 5121 cu
1415 5066 1529 5138 graifen.
1569 5066 1630 5122 Das

203 5148 278 5205 1616
297 5155 359 5207 tuot
378 5150 415 5205 ist
431 5166 477 5206 am
494 5148 623 5207 Schlusse
641 5150 786 5206 vermerkt.
