3756 6158
248 467 308 532 392
547 488 552 500 ’
740 467 790 517 Die
808 466 1028 531 philosophischs
1047 466 1175 536 Faculttt.

245 649 365 714 seniori
393 646 434 713 de
462 647 596 714 consilio
625 647 791 714 facultatis
820 668 882 735 quo
909 649 952 715 ad
980 649 1175 719 exercicium
1206 648 1327 713 veteris
1359 649 1441 714 artis
1467 658 1501 714 et
1534 670 1598 738 quo
1626 649 1668 715 ad

246 770 338 813 suam
367 746 552 831 lectionem,
581 748 609 811 si
638 770 735 835 quam
765 748 880 833 habet3
916 759 948 815 et
976 749 1138 814 exercicia
1165 748 1322 830 serotina,
1352 756 1431 836 puta
1459 748 1668 837 phisicorum,

167 875 170 880 ’
246 847 425 912 ethicorum
447 836 479 912 et
497 847 741 934 metaphisicae,
762 850 988 914 continuentur
1010 847 1053 913 iad
1074 847 1207 913 alteram
1236 846 1405 914 dimidiam
1430 848 1557 932 horam,
1582 848 1668 914 vide·

247 945 324 1013 licet
343 969 445 1035 usque
466 946 509 1012 ad
529 948 672 1014 medium
694 960 828 1037 quartae
848 957 880 1014 et
900 950 1030 1037 quintae
1050 947 1211 1013 horarum.

203 1141 220 1195 5
703 1208 709 1226 Ι
754 1139 799 1199 12.
821 1151 857 1198 nr
879 1148 1159 1200 cumcunmmus.

329 1281 412 1346 Item
434 1280 572 1367 placuit,
601 1290 638 1346 ut
663 1281 771 1347 nullus
797 1283 1027 1368 magistrorum
1053 1283 1088 1345 in
1108 1280 1222 1345 diebus
1246 1278 1486 1346 canicularibus
1509 1282 1672 1348 continuet

247 1402 339 1445 suam
360 1379 534 1446 lectionem
555 1379 613 1445 sed
641 1403 713 1446 eam
734 1403 835 1466 usque
857 1381 899 1446 ad
919 1379 1016 1445 finem
1036 1379 1221 1446 huiusmodi
1234 1376 1368 1444 'dierum
1394 1379 1589 1468 suspendat,
1618 1400 1670 1445 sx-

247 1480 350 1565 ceptis
383 1478 575 1546 lectionibus
604 1478 818 1567 phisieorum,
847 1480 1129 1567 methaphysicae,
1159 1478 1364 1565 ethycorum,
1395 1478 1615 1565 polliticorum
1642 1490 1672 1545 et

247 1577 404 1662 Euclidis,
425 1601 508 1666 quae
530 1588 665 1666 possunt
686 1579 729 1644 ad
751 1579 944 1668 quindenam
967 1589 999 1643 et
1019 1602 1083 1645 non
1099 1577 1185 1644 ultra
1204 1580 1238 1642 in
1259 1577 1436 1664 praedictis
1458 1577 1576 1644 diebus
1599 1601 1669 1644 con·

208 1687 240 1742 10
250 1679 379 1761 tinuari,
401 1677 619 1765 computando
639 1687 747 1744 tamen
769 1688 895 1766 tempus
915 1678 1042 1744 illarum
1064 1677 1235 1743 lectionum
1256 1677 1300 1742 sd
1319 1686 1448 1765 ternpus
1467 1687 1500 1743 ot
1519 1679 1671 1745 terminos

247 1776 437 1861 earundem3
471 1779 634 1843 exercicia
661 1784 769 1843 autem
798 1780 867 1844 sine
898 1779 1110 1866 suspensione
1136 1798 1195 1863 per
1223 1775 1297 1842 illos
1324 1775 1395 1841 dies
1423 1776 1545 1844 debent
1573 1778 1670 1843 conti·

247 1897 351 1941 nuan.
831 1936 835 1945 „

330 1976 411 2042 Item
445 1976 580 2064 quilibet
610 1977 843 2062 magistrorum
870 1977 1030 2063 recipiens
1062 1974 1262 2056 ordinarium
1289 1973 1453 2041 tenebitur
1478 1976 1590 2064 ipsum
1616 1998 1670 2064 por

250 2097 284 2140 se
306 2078 495 2141 continuare
521 2063 586 2140 vel‘
602 2074 749 2143 facultati
775 2085 850 2142 ante
879 2075 995 2159 festum
1024 2072 1112 2141 Galli
1137 2074 1190 2139 vel
1222 2072 1357 2162 Georgii
1387 2076 1567 2162 resignare,
1596 2076 1671 2142 etsi

211 2183 243 2239 15
255 2174 363 2263 aliquo
377 2198 456 2240 casu
466 2172 528 2262 [8¹³]
538 2172 653 2259 aliquis
667 2177 897 2261 magistrorum
911 2182 986 2266 post
999 2175 1213 2262 inceptionem
1228 2197 1385 2241 novarum
1400 2173 1575 2241 lectionum
1590 2177 1670 2243 simi·

248 2272 321 2338 liter
347 2273 456 2361 legere
484 2275 642 2361 inciperet
669 2273 868 2340 ordinarium
894 2285 926 2340 et
953 2297 1017 2340 non
1044 2275 1247 2338 continuaret
1274 2297 1377 2363 usque
1403 2272 1447 2339 ad
1476 2273 1585 2359 finam,
1611 2299 1669 2342 non

250 2381 357 2460 potest
385 2372 478 2440 alteri
506 2375 674 2460 resignare
703 2373 747 2439 ad
774 2373 1040 2457 continuandum,
1070 2372 1127 2438 sed
1157 2382 1221 2439 stat
1249 2374 1282 2438 in
1311 2373 1486 2439 dictamine
1513 2373 1669 2443 facultah's

254 2471 417 2538 residuum
441 2473 718 2538 continuandum.¹
757 2473 802 2538 Et
822 2474 960 2562 quilibet.
982 2473 1143 2560 recipiens
1164 2472 1364 2539 ordinarium
1384 2472 1547 2539 tenebitur
1568 2476 1669 2563 ipsum

253 2595 325 2637 cum
346 2572 452 2638 tribus
474 2571 680 2639 audientibus
701 2573 744 2638 ad
762 2575 868 2639 minus
890 2574 1086 2639 continuare.
1145 2642 1150 2652 ‚

207 2765 241 2822 no
692 2762 740 2825 13.
761 2774 808 2822 nu
829 2773 1224 2824 rsonnuosumoumus.

334 2905 414 2970 Item
435 2903 507 2969 fieri
528 2927 592 2971 non
613 2904 733 2971 debent
750 2907 987 2993 resumptiones
1008 2927 1068 2971 nec
1089 2906 1390 2992 pronuncciationes
1412 2904 1565 2994 publicae
1586 2906 1667 2975 horis

250 3028 309 3095 pro
330 3003 519 3070 lectionibus
540 3014 596 3069 aut
619 3006 789 3071 exerciciis
813 2999 985 3093 deputatis,
1007 3027 1067 3070 nec
1090 3004 1149 3071 suh
1172 3005 1390 3092 disputatione
1411 3007 1564 3072 serotina

330 3105 413 3171 Item
434 3101 586 3192 deinceps
607 3106 763 3174 materiae
781 3097 970 3170 ¹autenticae
991 3107 1221 3193 magistrorum
1245 3102 1500 3193 approbatorum
1524 3115 1556 3171 et
1577 3106 1668 3172 lamo

253 3206 361 3271 sorsin
387 3206 616 3290 pronuncciari
637 3204 766 3289 debent,
794 3226 878 3291 quae
905 3205 995 3290 prius
1022 3226 1081 3291 per
1102 3203 1258 3270 decanum
1281 3214 1313 3270 et
1334 3205 1479 3270 seniores
1501 3204 1667 3289 facultatis,

212 3313 425 3390 ztantequam
447 3302 577 3391 publice
598 3305 861 3391 pronunciantur,
884 3304 1026 3390 conspici
1048 3302 1174 3369 debent
1287 3362 1290 3369 .

744 3492 791 3553 14.
821 3503 868 3550 nn
890 3502 981 3551 seru
1002 3502 1186 3551 ausurum.

335 3635 416 3700 Item
438 3633 572 3721 quilibet
592 3637 832 3722 magistrorum,
847 3636 959 3702 volens
981 3659 1051 3701 esse
1073 3646 1147 3702 actu
1165 3659 1290 3722 regens,
1314 3635 1409 3700 debet
1429 3636 1575 3723 incipere
1591 3636 1666 3703 ordi-

253 3737 380 3802 narium
404 3756 494 3798 suum
517 3735 697 3821 hyemalem
720 3746 794 3799 ante
815 3737 932 3801 festum
955 3738 1097 3801 omnium
1120 3745 1319 3817 sanctorum,
1354 3744 1409 3799 aut
1431 3737 1538 3799 sancti
1559 3736 1665 3802 Iohan-

253 3838 304 3901 nis
326 3843 401 3900 ante
423 3843 550 3919 portam
570 3834 705 3899 latinam
727 3838 863 3917 (balat)
887 3857 949 3920 quo
962 3835 1005 3900 ad
1027 3835 1236 3900 mutationem
1249 3832 1447 3916 aestivalem,
1470 3835 1499 3900 si
1519 3859 1667 3921 praesens

213 3936 368 4017 30fuerit3
393 3934 420 3997 si
443 3942 550 3997 autem
570 3934 686 3999 absens
709 3935 815 4020 fucrit,
835 3944 912 3999 tune
933 3935 1012 3999 erit²
1032 3934 1094 4001 sibi
1111 3945 1237 4021 tempus
1252 3932 1430 4020 incipiendi
1444 3941 1477 3998 et
1493 3933 1666 4023 recipiendi

255 4043 330 4098 ante
343 4033 461 4097 festum
475 4034 655 4098 nativitatis
666 4033 788 4100 Christi
809 4036 842 4099 in
864 4034 989 4122 hyeme,
1012 4044 1043 4098 et
1064 4044 1139 4099 ante
1159 4035 1275 4099 festum
1298 4034 1402 4098 sancti
1415 4032 1573 4099 Iohannis
1594 4033 1666 4122 bap·

253 4134 350 4198 tistae
371 4133 405 4196 in
427 4141 556 4197 aestate.
598 4133 642 4198 Et
662 4134 822 4198 tenebitur
853 4133 988 4219 quilibet
1011 4134 1210 4198 ordinarium
1232 4156 1324 4198 suum
1351 4131 1461 4218 legere
1490 4132 1667 4220 publicein

254 4231 359 4313 scolis,
377 4232 441 4295 nisi
457 4230 579 4296 decano
592 4235 779 4315 constiterit,
802 4232 889 4321 quod
910 4232 1078 4298 lectorium
1100 4232 1220 4298 habere
1239 4254 1304 4297 non
1325 4232 1546 4319 poteritpisto
1568 4242 1667 4299 minen

255 4353 392 4413 annexo,
422 4330 507 4416 quod
536 4333 685 4417 magistri
711 4354 776 4397 non
807 4333 872 4397 sint
897 4334 1037 4397 asstricti
1063 4341 1207 4418 tempore
1226 4332 1359 4396 aestatis
1386 4330 1430 4396 ad
1453 4331 1668 4419 recipiendum

212 4441 244 4498 35
253 4432 406 4497 lectiones
435 4451 495 4515 pro
524 4429 643 4515 gradu,
671 4433 752 4519 ipsis
781 4432 823 4497 ad
851 4432 980 4519 plenum
1007 4454 1072 4496 non
1102 4431 1298 4514 distributis,
1327 4431 1411 4496 sicut
1430 4432 1465 4495 in
1492 4430 1609 4518 hyeme
1627 4430 1666 4512 tit,

254 4527 427 4596 dummodo
457 4528 569 4593 saltem
601 4528 701 4617 aliqui
729 4532 878 4616 magistri
907 4531 1041 4614 fuerint,
1072 4533 1127 4619 qui
1157 4531 1310 4597 lectiones
1339 4552 1398 4617 pro
1427 4530 1536 4615 gradu
1567 4530 1666 4617 legere

252 4630 420 4696 voluerint

333 4884 342 4933 1
365 4878 551 4938 Geschrieben
568 4875 641 4933 steht
658 4878 850 4932 coatimrando.

333 4967 348 5018 2
368 4962 404 5019 So
417 4965 454 5019 ist
469 4961 663 5035 gaschrieben3
680 4979 745 5016 man
763 4961 870 5017 schslnt
888 4961 976 5020 selber
991 4961 1037 5018 dis
1050 4960 1136 5017 ttltsre
1147 4961 1322 5031 Abktirrung
1339 4958 1385 5016 flir
1401 4963 1491 5017 mnu
1506 4961 1586 5018 nieht
1595 4958 1662 5018 mah

256 5045 376 5101 erkannt
391 5066 427 5102 zu
444 5049 542 5104 haben.
568 5045 631 5117 Vgl
650 5045 721 5101 oben
740 5045 767 5101 S.
786 5051 843 5115 313,
861 5051 901 5102 ³3.
