3756 6158
249 464 309 531 588
760 474 811 526 oa
830 477 1014 528 medicininos
1032 476 1160 530 anuas

336 655 382 716 16.
407 650 487 715 Item
513 652 547 715 in
576 654 778 721 examinibus
804 657 966 723 facultatis
993 658 1173 723 medicinae
1200 680 1260 746 pro
1281 657 1497 723 licenciatma
1518 657 1571 723 vel
1598 658 1669 723 bac·

250 747 409 812 calariatu
438 750 592 817 admissio
623 763 654 818 et
678 757 815 822 reieccio
842 756 976 822 alicuius
1006 757 1182 823 secundum
1209 757 1427 846 pluralitatem
1454 780 1571 823 vocum
1599 780 1668 824 eon·

249 845 405 913 eludatur.

336 954 380 1012 17.
405 947 487 1013 Item
514 973 618 1039 neque
644 954 804 1020 licenciati
830 955 993 1020 facultatis
1016 955 1202 1021 medicinae·
1217 978 1320 1043 neque
1340 954 1520 1021 baccalarii
1541 957 1668 1023 medici·

208 1052 225 1107 5
249 1067 310 1109 nae
332 1045 451 1111 debent
470 1070 541 1114 esse
563 1054 788 1120 cumconsilio
810 1055 973 1120 facultatis
994 1055 1183 1121 medicinae.

335 1169 381 1231 18.
409 1163 490 1228 Item
522 1167 656 1251 quilibet
686 1171 897 1237 assumendus
929 1171 972 1236 ad
1003 1172 1189 1237 facultatem
1219 1170 1399 1236 medicinae
1425 1193 1466 1236 ac
1495 1173 1600 1237 eciam
1629 1172 1668 1237 ad

249 1261 417 1328 consilium
438 1264 602 1331 facultatis
623 1268 707 1333 eius¹
728 1270 848 1335 iurabit
871 1271 992 1337 decano
1012 1271 1174 1337 facultatis
1193 1270 1386 1335 medicinae:
1415 1269 1510 1357 „Ego
1532 1271 1582 1336 Ν.
1602 1273 1668 1338 iuro

247 1358 341 1425 vobis
363 1360 486 1428 decano
509 1373 540 1429 et
560 1368 677 1431 vestris
700 1370 942 1435 successoribus
964 1371 1185 1435 reverenciam
1207 1379 1239 1434 et
1265 1368 1489 1435 obedienciam
1514 1370 1551 1435 in
1575 1370 1668 1436 licitis

249 1467 281 1523 et
299 1457 453 1545 honestis,
482 1475 514 1529 et
542 1488 672 1531 servare
702 1478 822 1534 statut-a
851 1479 882 1533 et
910 1470 1090 1552 statuenda,
1117 1491 1201 1558 quae
1227 1478 1353 1533 suntet
1377 1470 1668 1557 erimtperfacul-

209 1566 241 1621 10
250 1566 349 1623 tatem
371 1562 563 1650 approbata,
593 1575 624 1629 et
645 1588 821 1652 procurare
842 1569 959 1635 bonum
981 1569 1145 1635 facultatis
1167 1566 1354 1649 medicinae,
1383 1566 1426 1632 ad
1447 1589 1667 1657 quemcunque

249 1666 368 1722 statum
391 1659 561 1728 devenero.
602 1664 728 1730 Sicine
751 1666 830 1732 deus
852 1667 984 1733 adiuvet
1003 1679 1035 1734 et
1057 1678 1170 1733 sancta
1191 1667 1260 1732 eius
1282 1667 1491 1754 ewangelia“

333 1783 379 1841 19.
400 1777 482 1842 Item
509 1779 644 1868 quilibet
665 1782 882 1849 doctorandus
908 1785 942 1849 in
967 1784 1127 1850 medicina
1156 1783 1241 1848 infra
1268 1784 1409 1869 primum
1431 1805 1578 1849 mensem
1598 1797 1669 1872 post

249 1897 340 1940 suam
374 1881 613 1965 promocionem
644 1881 804 1947 tenebitur
837 1882 917 1949 dare
951 1883 994 1949 ad
1024 1884 1137 1949 fiscum
1169 1880 1331 1947 facultatis
1362 1891 1502 1967 quatuor
1534 1883 1668 1949 florenos

246 1997 401 2041 rinenses.

209 2083 239 2138 15
332 2079 381 2141 20.
410 2076 488 2140 Item
521 2076 655 2162 quilibet
686 2078 956 2147 baccalariandus
988 2084 1021 2147 in
1053 2081 1214 2146 medicina
1244 2079 1330 2144 infra
1360 2081 1501 2167 primum
1532 2103 1670 2147 mensem

247 2184 432 2262 postauam
455 2179 695 2262 promocionem
717 2180 877 2246 tenebitur
901 2181 980 2247 dare
1007 2180 1049 2246 ad
1078 2181 1191 2246 fiscum
1217 2179 1381 2245 facultatis
1408 2178 1507 2247 duos²
1534 2179 1670 2246 florenos

246 2296 403 2339 rinenses.

331 2379 380 2439 21.
403 2373 485 2438 Item
512 2374 647 2462 quilibet
674 2388 841 2464 promotus
864 2380 897 2444 in
925 2379 990 2444 alia
1012 2380 1222 2444 universitate
1250 2378 1284 2441 in
1307 2375 1473 2441 doctorem
1494 2376 1582 2441 infra
1609 2379 1669 2464 pri·

247 2497 334 2539 mum
354 2495 496 2538 mensem
518 2485 594 2561 post
619 2499 709 2541 suam
740 2481 999 2565 assumpeionem
1028 2477 1071 2543 ad
1096 2478 1281 2543 facultatem
1303 2474 1484 2540 medicinae
1512 2475 1670 2541 tenebitur

206 2571 328 2637 20dare
357 2571 542 2637 duodecim³
568 2573 708 2642 florenos
737 2579 882 2644 rinenses
913 2581 955 2659 (si
982 2589 1030 2644 est
1051 2577 1253 2644 baccalarius
1280 2575 1393 2658 huius3
1423 2574 1452 2638 si
1479 2597 1556 2657 non,
1584 2575 1670 2641 dabit

247 2688 332 2735 xvm
351 2669 422 2748 fl.)⁴.

329 2776 379 2836 22.
405 2770 487 2836 Item
519 2772 652 2860 quilibet
682 2786 849 2861 promotus
878 2777 911 2840 in
942 2775 1007 2841 alia
1036 2777 1245 2841 universitate
1275 2774 1309 2837 in
1337 2771 1562 2837 baccalarium
1590 2774 1671 2838 infra

246 2872 385 2958 primum
403 2893 545 2936 mensem
567 2883 641 2959 post
663 2896 753 2938 suam
775 2875 1033 2962 assumpeionem
1055 2874 1217 2940 tenebitur
1239 2872 1318 2938 dare
1339 2870 1384 2937 ad
1403 2870 1592 2937 facultatem
1614 2896 1669 2960 pro

246 2970 322 3036 fiseo
345 2993 403 3035 suo
425 2970 524 3036 du0s⁵
544 2971 682 3037 florenos
705 2975 877 3038 rinenses.⁰

204 3095 237 3151 25
330 3092 378 3155 23.
402 3084 446 3174 [S.
464 3087 496 3176 3]
520 3089 601 3153 Item
623 3089 863 3176 promovendus
886 3089 927 3154 ad
952 3087 1168 3154 baccalarium
1190 3090 1223 3153 in
1244 3086 1405 3152 medicina
1426 3095 1576 3177 tempore
1598 3112 1668 3154 suae

245 3188 464 3273 promocionis
496 3197 623 3253 tenetur
654 3187 733 3253 dare
764 3188 892 3254 famulis
925 3190 1145 3253 universitatis
1179 3210 1279 3253 unum
1311 3187 1471 3252 florenum
1505 3190 1668 3253 rinensem.

245 3283 337 3351 Idem
358 3287 457 3352 faciat
476 3283 679 3352 baccalarius
700 3298 867 3374 promotus
887 3289 921 3352 in
943 3287 1008 3352 alia
1028 3288 1237 3351 universitate
1258 3296 1405 3373 tempore
1426 3309 1507 3352 suae
1528 3311 1667 3374 assump

247 3387 349 3450 cionis
372 3385 414 3450 ad
435 3385 620 3450 facultatem
643 3386 829 3452 medicinae.

329 3508 376 3569 24.
403 3503 484 3566 Item
513 3502 734 3568 licenciandus
757 3505 789 3566 in
818 3502 1027 3567 licenciatura
1052 3501 1142 3566 dabit
1169 3501 1297 3567 famulis
1326 3502 1551 3568 universitatis
1578 3526 1666 3568 unum

205 3601 404 3667 30florenum
425 3604 594 3667 rinensem.

330 3707 376 3766 25.
401 3702 481 3765 Item
504 3700 617 3766 doctor
640 3711 805 3788 promotus
828 3701 861 3765 in
890 3700 955 3765 alia
976 3702 1185 3765 universitate
1208 3699 1300 3764 dabit
1325 3700 1455 3766 famulis
1484 3703 1666 3766 universita-

248 3801 288 3864 tis
311 3810 453 3888 tempore
475 3823 552 3865 suae
574 3802 808 3887 assumpeionis
831 3800 873 3864 ad
895 3800 1081 3864 facultatem
1103 3799 1283 3864 medicinae
1304 3800 1384 3865 duos
1406 3799 1550 3866 florenos
1570 3805 1666 3866 rinen-

247 3922 308 3964 ses.
349 3900 438 3964 Idem
468 3901 568 3966 faciat
599 3901 788 3965 licenciatus
820 3900 853 3962 in
884 3898 948 3962 alia
976 3900 1188 3963 universitate
1219 3911 1385 3985 promotus
1417 3909 1567 3987 tempore
1599 3923 1666 3966 suae

246 4002 481 4086 assumpeionis
505 4001 547 4065 ad
569 3999 755 4065 facultatem
777 3998 965 4063 medicinae.

204 4127 237 4182 35
331 4122 380 4182 26.
409 4117 503 4190 (Item
531 4116 636 4181 nullus
666 4114 784 4179 habeat
811 4114 916 4213 locum
946 4116 980 4178 in
1010 4114 1136 4179 actibus
1168 4114 1387 4201 solempnibus
1419 4115 1563 4202 publicis
1592 4117 1667 4180 inter

247 4215 393 4280 doctores
420 4214 608 4296 medicinae,
638 4217 699 4279 nisi
728 4215 770 4278 sit
797 4223 981 4299 assumptus
1009 4213 1052 4277 ad
1079 4213 1263 4279 facultatem
1285 4214 1468 4280 medicinae
1499 4215 1666 4281 secundum

247 4324 368 4379 statuta
398 4313 540 4378 elusdem
574 4315 754 4393 facultatis,
787 4334 891 4399 neque
920 4312 1106 4378 cathedram
1135 4313 1332 4378 leccionibus
1359 4323 1416 4378 aut
1443 4315 1666 4402 disputacioni·

246 4469 471 4479 ——-—--—.-.
481 4469 494 4475 ..
504 4470 524 4474 --
532 4470 552 4475 ...

335 4571 344 4620 1
364 4563 419 4618 Die
437 4562 534 4618 Worte
553 4583 586 4618 ac
604 4582 641 4618 ec.
661 4565 701 4617 ad
716 4581 788 4616 cona.
801 4565 865 4632 suc.
885 4562 942 4616 eirca
960 4560 1054 4616 stehen
1073 4562 1124 4618 anf
1139 4563 1228 4618 Rasur
1249 4563 1306 4618 und
1327 4563 1428 4621 riihreu
1446 4582 1503 4622 von
1530 4564 1668 4622 derselben

246 4649 329 4704 Hand
346 4648 403 4714 her,
421 4646 464 4700 die
482 4664 517 4700 au
534 4653 548 4713 ᾗ
568 4653 598 4702 12
618 4648 708 4717 einige
726 4646 823 4701 Worte
841 4644 1011 4718 hinzufugte.

330 4738 345 4788 2
362 4735 433 4786 datos
450 4730 523 4784 steht
539 4729 591 4784 auf
604 4731 702 4784 Maur.

330 4823 344 4869 ³
363 4817 505 4870 (baodecim
524 4813 597 4868 steht
615 4814 667 4868 auf
681 4815 794 4868 Rasum,

330 4905 345 4954 l
364 4901 424 4953 Das
443 4896 692 4967 Eingeklammerte
709 4899 745 4951 ist
763 4901 855 4967 spitter
872 4896 1089 4967 nachgetragen.

330 4990 345 5037 5
363 4986 432 5036 druos
450 4980 523 5035 steht
540 4981 592 5035 auf
606 4983 703 5036 Rasur.

330 5072 346 5120 6
365 5065 504 5120 Hiemach
523 5065 559 5119 ist
576 5065 620 5119 ein
638 5082 741 5136 ganzar
758 5064 863 5118 Absatz
881 5063 979 5118 wieder
999 5066 1160 5133 austadiert,
1176 5065 1248 5121 doch
1267 5065 1376 5120 aeheint
1393 5065 1524 5127 demelbe
1541 5079 1596 5128 erat
1613 5074 1664 5142 epi·

247 5157 289 5207 ter
307 5149 512 5222 uachgetragen
529 5167 564 5205 zu
582 5148 648 5204 sein.
