3756 6158
253 487 313 553 308
636 459 645 475 ι
743 485 794 536 Dis
811 483 1030 550 philosophischc
1050 485 1178 536 Faculttt

253 664 446 754 quindenam
475 689 496 732 a
526 667 589 730 fine
624 668 782 751 examinis
810 667 890 732 velit
920 666 955 731 xl
989 689 1090 732 novos
1119 686 1251 752 grossos
1283 663 1408 730 solvere
1441 663 1592 729 facultati
1624 664 1670 729 vel

253 784 279 830 11
300 765 436 829 florenos
465 788 616 831 renenses
644 775 685 847 et,
714 768 824 831 intrim
853 766 939 853 quod
967 768 1073 852 grossi
1103 777 1176 830 sunt
1204 761 1355 829 meliores
1374 763 1518 846 florenis,
1546 788 1671 850 grossos

254 863 378 929 solvere
398 863 486 946 velit,
514 866 577 930 nisi
605 888 625 929 a
652 864 805 930 facultate
828 867 1003 953 optinuerit
1033 888 1142 930 eornm
1165 862 1386 928 dimissionem
1409 861 1461 929 vel
1484 862 1669 929 dilacionem

254 962 297 1028 ad
318 963 488 1050 terminum
507 963 693 1051 longiorem.

212 1123 229 1178 5
377 1116 533 1176 Hieraaclr
555 1118 594 1176 ist
615 1138 662 1177 am
687 1120 795 1178 Randc
816 1120 1035 1196 uactpetrapcn
1058 1115 1124 1196 (die
1144 1118 1285 1194 Ansdupc
1305 1119 1360 1176 der
1378 1117 1482 1176 Zeilm
1503 1117 1575 1176 sind
1594 1117 1670 1194 alpe-

296 1214 479 1293 scluittcn):

379 1308 482 1397 [Item]
504 1309 591 1395 quod
612 1309 690 1376 velit
713 1312 837 1378 solvere
861 1319 873 1377 1
900 1312 1055 1377 florenum
1077 1312 1162 1376 ultra
1184 1307 1288 1399 [istola
1309 1313 1390 1378 duos
1417 1312 1449 1378 fl
1475 1311 1564 1376 infra
1589 1310 1668 1376 idem

294 1419 421 1496 tempus
455 1432 515 1497 pro
548 1406 657 1499 [bono]
690 1412 925 1495 universitatis,
959 1412 1023 1477 nisi
1055 1413 1157 1498 ipsius
1191 1412 1367 1498 optinuerit
1398 1411 1595 1478 dilacionem
1623 1410 1669 1476 vel

297 1508 528 1574 dimissionem.

217 1669 249 1724 10
339 1658 419 1723 Item
446 1656 532 1745 quod
553 1680 618 1724 non
639 1659 717 1724 velit
736 1660 880 1746 incipere
899 1660 962 1754 nisi
991 1661 1115 1746 signeto
1136 1657 1246 1747 habito
1269 1682 1289 1724 a
1310 1657 1448 1742 decan03
1485 1663 1564 1727 item
1593 1659 1671 1748 quod

257 1780 321 1824 non
341 1755 420 1823 velit
443 1757 802 1824 arecommendacione
827 1758 1068 1825 licenciatorum
1097 1758 1277 1840 absentare,
1303 1760 1338 1822 ni
1358 1758 1587 1825 rationabilem
1605 1781 1670 1824 cau-

258 1880 326 1924 sam
352 1855 517 1942 habuerit,
547 1880 643 1946 quam
670 1856 816 1924 facultati
840 1864 1002 1949 proponat
1031 1868 1063 1924 et
1090 1859 1234 1925 favorem
1263 1857 1435 1923 absenciae
1464 1860 1609 1947 optineat
1633 1856 1671 1922 ab

258 1956 378 2024 eadem.

683 2080 731 2142 m.
750 2092 798 2139 ns
819 2091 1019 2140 arenarum
1040 2089 1250 2139 susannae.

221 2216 254 2272 15¹
342 2207 410 2271 Ista
431 2202 553 2271 iurabit
573 2205 818 2292 magistrandus
832 2215 978 2294 tempore
999 2207 1198 2293 incepcionis
1220 2216 1253 2269 et
1271 2214 1427 2291 tempore,
1449 2227 1516 2293 quo
1536 2205 1672 2271 favorem

259 2303 437 2391 incipiendi
464 2307 499 2370 in
527 2304 651 2370 artibus
678 2328 698 2370 a
723 2305 875 2372 facultate
902 2298 1075 2393 optinebiti
1103 2303 1244 2386 ,‚Prim0,
1271 2302 1358 2389 quod
1385 2325 1444 2390 per
1471 2303 1555 2370 duos
1580 2327 1671 2370 annos

259 2405 294 2468 in
315 2405 379 2467 ista
397 2405 608 2469 universitate
629 2403 715 2491 leget
734 2412 766 2470 et
787 2403 974 2492 disputabit,
999 2404 1063 2468 nisi
1086 2426 1194 2468 secum
1214 2425 1311 2490 super
1331 2401 1394 2467 hoc
1414 2424 1474 2489 per
1494 2394 1670 2470 facultatem

260 2503 356 2567 fuerit
384 2502 621 2590 dispensatum3
651 2505 744 2569 item¹
773 2503 860 2591 quod
888 2512 1009 2568 statuta
1035 2512 1067 2566 et
1094 2500 1274 2583 statuenda,
1302 2523 1386 2588 quae
1412 2510 1488 2566 sunt
1515 2526 1575 2590 pro
1596 2502 1670 2568 bono

260 2603 480 2668 universitatis
502 2625 541 2668 ac
561 2603 726 2669 facultatis
747 2603 879 2684 arcium,
901 2602 1036 2666 firmiter
1057 2600 1137 2665 velit
1158 2600 1358 2684 observare3'
1376 2603 1455 2665 item
1478 2602 1566 2688 quod
1586 2603 1669 2667 istun

220 2707 254 2764 20
261 2700 398 2786 gradum
420 2704 454 2767 in
474 2701 563 2767 nulla
586 2701 651 2767 alia
675 2702 886 2766 universitate
910 2697 1071 2783 resumat}
1100 2702 1176 2765 item
1205 2698 1292 2786 quod
1319 2698 1440 2766 bonum
1458 2701 1668 2774 universitatis

262 2810 294 2864 et
324 2801 486 2866 facultatis
518 2803 656 2885 arcium,
687 2800 729 2866 ad
760 2821 981 2887 quemcunque
1009 2808 1128 2864 statum
1157 2798 1336 2882 devenerit,
1366 2798 1446 2886 velit
1474 2799 1667 2887 procurare“

114 2948 118 2955 .
143 2954 162 2973 ,.
261 2898 306 2964 Et
332 2898 455 2995 plgpuit
475 2898 595 2965 ibidem
616 2909 694 2965 tunc
717 2900 892 2985 magistris,
920 2898 1008 2984 quod
1035 2899 1099 2963 ista
1124 2898 1238 2964 ultima
1264 2897 1328 2964 duo
1357 2897 1400 2964 ad
1427 2900 1605 2986 periurium
1623 2897 1667 2963 ob

72 2958 150 3083 U
253 2998 384 3085 *agana
446 3088 448 3092 ,

369 3132 400 3185 ⁴
440 3155 484 3215 15.
505 3164 1224 3215 Dnn1srn'rar10mausnxraaonomsa11s
1246 3163 1506 3215 uamsrsosmr.
1587 3200 1591 3205 .

221 3307 255 3364 25
344 3298 425 3364 Item
444 3299 506 3364 fuit
525 3307 687 3381 statutum,
709 3297 795 3383 quod
816 3297 951 3385 quilibet
971 3307 1135 3385 promotus
1157 3298 1200 3363 ad
1219 3297 1357 3384 gradm
1369 3277 1550 3383 magisterii
1571 3297 1660 3364 occia

265 3397 523 3462 extraordinarie
550 3398 635 3462 infra
662 3399 802 3484 primum
830 3419 950 3461 annum
978 3417 1056 3461 suae
1084 3396 1282 3483 incepcionis
1310 3395 1507 3483 disputabit3
1534 3407 1566 3462 ct
1592 3405 1662 3461 ante

264 3518 361 3581 quam
382 3496 565 3562 huiusmodi
586 3497 824 3583 disputationes
846 3494 1064 3582 compleverit,
1092 3495 1134 3560 ad
1156 3495 1323 3561 consilium
1350 3495 1515 3564 facultatis
1534 3519 1597 3563 non
1616 3492 1657 3560 ad-

262 3595 418 3659 mittatur.

342 3766 389 3827 16.
415 3779 452 3827 IN
473 3778 598 3843 QUIBUS
617 3778 762 3828 termus
784 3777 947 3826 naamam
968 3780 1004 3827 IN
1023 3779 1206 3828 HABITIBUS
1227 3779 1389 3827 casnm
1409 3780 1598 3828 APPARERE.

227 3920 261 3977 30
351 3912 433 3977 Item
461 3912 523 3977 fuit
550 3921 712 3995 statutum,
741 3909 828 3975 nullo
853 3909 1100 3995 contradicente,
1127 3911 1211 3998 quod
1238 3914 1271 3976 in
1299 3911 1461 3977 eleccione
1488 3910 1658 3994 decani,iu

267 4010 580 4077 recommendatione
607 4009 856 4092 licentiatorum,
885 4011 917 4074 in
947 4011 1135 4097 incepcione
1149 4088 1152 4093 ¹
1165 4011 1402 4078 licentiatorum
1430 4034 1488 4077 seu
1515 4008 1657 4088 licentiati,

267 4111 302 4174 in
334 4109 552 4196 disputatione
580 4109 760 4190 ordinaria,
792 4109 827 4171 in
857 4111 1124 4175 extraordinariis
1144 4098 1423 4196 'disputationibus
1451 4112 1657 4199 magistrorum
1701 4190 1704 4195 Α

269 4211 418 4295 magistri
438 4211 471 4273 in
491 4207 654 4273 habitibus
676 4207 815 4272 debeant
834 4217 1001 4295 apparere.
1716 4208 1719 4213 ’

299 4309 302 4316 ’
353 4309 435 4375 Item
456 4309 517 4373 fuit
537 4307 721 4373 conclusum
743 4315 774 4371 et
793 4316 956 4391 statutum,
978 4308 1063 4397 quod
1084 4308 1191 4375 nullus
1210 4311 1280 4375 sine
1300 4309 1413 4375 habitu
1437 4309 1546 4398 legere
1565 4309 1657 4376 debat

23 4354 84 4485 ᾗ
108 4418 112 4428 ’
229 4419 332 4474 35nec
353 4410 422 4474 sine
442 4407 555 4472 habitu
575 4405 704 4509 ppblice
724 4405 900 4493 disputare.

326 4581 373 4642 17.
399 4592 435 4639 m
457 4589 582 4652 cursus
603 4588 749 4659 memus
769 4591 972 4639 siccamen
993 4591 1029 4638 m
1048 4591 1231 4640 namneus
1250 4591 1413 4640 nnsnsnr
1433 4593 1612 4642 massas

352 4707 433 4772 Item
462 4707 523 4771 fuit
545 4704 747 4797 concluse*
769 4705 855 4793 quod
882 4728 991 4771 omnes
1012 4705 1188 4771 baccalarii
1207 4707 1241 4769 in
1262 4707 1533 4795 disputationibus
1553 4705 1655 4793 ordilpv

269 4807 327 4870 riis
348 4808 576 4892 magistrorum
595 4805 629 4868 in
650 4803 815 4870 habitibus
836 4807 870 4869 in
891 4806 1053 4892 scampnis
1074 4802 1331 4872 baccalariorum
1352 4796 1663 4911 debearwtpptrfflb¹

198 4955 202 4963 .
269 4907 304 4969 in
325 4904 594 4971 extraordinariis
614 4926 691 4968 vero
715 4903 986 4990 disputationibus
1011 4903 1186 4973 baccalarii
1213 4905 1445 4993 respondentes
1465 4902 1500 4973 in
1519 4899 1654 4975 habitibut

83 5084 97 5111 ⁸
154 5100 203 5224 'dg
345 5132 717 5199 machamaticum.
