3756 6158
358 495 398 559 22
807 494 859 544 Dic
876 493 1060 544 Reformstion
1077 507 1138 542 vom
1157 493 1239 543 Jahre
1260 498 1332 544 1496.

360 699 419 764 per
439 675 673 762 inspectionem
695 676 744 740 sui
769 675 902 761 registri
931 674 1128 756 constiterit,
1156 672 1244 761 quod
1273 674 1503 759 recognitionis
1530 674 1649 760 petitor
1677 674 1786 740 huius·

360 774 449 840 modi
470 774 641 838 lectionem
662 773 714 838 vel
735 775 931 839 exercicium
952 772 994 837 ab
1015 795 1053 838 eo
1084 772 1264 854 audiverit,
1296 771 1355 836 sub
1384 795 1490 858 poena
1519 774 1683 838 carentiae
1711 782 1788 838 actu

361 875 527 960 regentiae
548 895 607 959 per
631 874 792 957 integrum
814 895 944 938 annum.
987 870 1031 934 Et
1053 869 1304 957 promovendus,
1325 872 1380 955 qui
1393 870 1434 935 ab
1456 873 1673 956 eomagistro,
1697 872 1787 937 cuius

362 972 533 1037 lectionem
560 971 613 1035 vel
641 974 837 1037 exercicium
862 994 927 1036 non
955 970 1131 1051 audiverit,
1153 971 1408 1055 recognitionem
1430 972 1590 1056 receperit
1618 980 1651 1034 et
1678 992 1788 1035 coram

338 1069 517 1135 blacultate
531 1072 647 1135 artium
672 1071 826 1136 exhibere
837 1071 1102 1158 praesumpserit,
1125 1068 1314 1156 simpliciter
1336 1068 1533 1156 impediatur
1553 1091 1614 1134 nec
1634 1071 1698 1135 ista
1717 1071 1790 1134 vice

365 1169 408 1234 ad
428 1191 565 1234 examen
586 1191 646 1257 pro
669 1169 775 1252 gradu
796 1171 904 1257 aliquo
925 1171 960 1234 in
983 1167 1109 1232 artibus
1131 1167 1331 1232 admittauu.

510 1373 557 1434 16.
578 1386 626 1433 DE
648 1385 879 1435 LECTIONIBUS
901 1385 1075 1434 LEGENDIS
1096 1386 1142 1431 ET
1163 1384 1357 1433 exaremus
1379 1384 1608 1434 Excrementa.

451 1496 648 1564 Ordinamus
675 1509 707 1565 et
734 1500 899 1582 volumus,
929 1498 1016 1586 quod
1037 1497 1202 1584 magistri,
1224 1497 1378 1570 lectiones
1411 1509 1443 1563 et
1463 1500 1625 1564 exercicia
1645 1507 1793 1584 tempore

368 1596 605 1663 distributionis
627 1599 802 1664 earundem
822 1598 1037 1685 recipientes,
1064 1599 1128 1663 sint
1158 1598 1284 1661 astricti
1310 1596 1353 1660 ad
1375 1597 1546 1684 diligenter
1566 1595 1740 1684 legendum
1762 1605 1794 1659 et

328 1707 359 1761 10
369 1695 584 1761 exercendum
613 1708 644 1762 et
671 1719 773 1786 usque
801 1697 844 1761 ad
873 1696 971 1762 finem
997 1696 1182 1761 huiusmodi
1209 1695 1379 1761 lectionem
1408 1706 1440 1760 et
1466 1697 1662 1761 exercicium
1693 1697 1793 1761 conti·

366 1792 547 1878 nuendum,
568 1794 627 1859 sub
648 1819 755 1883 poena
777 1798 941 1861 carentiae
962 1806 1037 1861 actu
1056 1797 1230 1880 regentiae.
1271 1794 1315 1859 Et
1334 1803 1369 1859 ut
1396 1794 1456 1860 tali
1481 1795 1595 1861 lectori
1622 1794 1674 1860 vel
1701 1818 1793 1860 exer·

256 1894 260 1910 ’
367 1894 453 1959 centi
474 1915 535 1979 pro
561 1916 618 1959 suo
640 1893 753 1960 labore
775 1894 1009 1983 aliquantulum
1030 1893 1182 1976 satisfiat,
1205 1894 1324 1958 debent
1344 1893 1485 1960 decanus
1506 1907 1538 1960 et
1552 1903 1720 1965 taxatores
1743 1917 1795 1958 cu·

367 2015 458 2075 rare,
478 2000 514 2055 ut
534 1991 656 2057 nullum
679 1993 859 2059 auditorem
879 1993 1063 2059 huiusmodi
1089 1991 1262 2058 lectionum
1283 2003 1315 2058 et
1337 1996 1571 2060 exerciciorum
1593 1994 1637 2059 ad
1652 1996 1796 2082 registra

373 2090 678 2174 sua-conscribant,
703 2093 767 2156 nisi
792 2092 923 2157 realiter
951 2102 983 2156 et
1011 2090 1222 2157 effectualiter
1248 2115 1307 2178 pro
1334 2092 1518 2159 huiusmodi
1544 2092 1737 2158 lectionibus
1765 2102 1796 2156 et

330 2202 360 2256 15
371 2190 542 2255 exerciciis
566 2191 769 2255 satisfecerit.
809 2190 853 2254 Et
880 2193 1035 2278 pecunias
1068 2214 1110 2255 ex
1132 2199 1212 2254 taxa
1237 2202 1386 2279 receptas
1417 2201 1448 2257 et
1474 2191 1625 2259 collectas
1652 2190 1795 2256 decanus

369 2300 401 2354 et
421 2297 588 2353 taxatores
609 2312 711 2376 usque
733 2289 775 2354 ad
796 2289 893 2354 finem
912 2289 1087 2355 lectionum
1108 2300 1140 2354 et
1156 2290 1391 2356 exerciciorum
1408 2290 1547 2356 fideliter
1563 2300 1741 2373 reservent,
1764 2299 1797 2354 et

370 2398 446 2476 post
466 2387 562 2452 finem
585 2389 760 2453 eorundem
782 2390 864 2476 ipsis
884 2389 1059 2454 lectoribus
1082 2398 1113 2452 et
1135 2387 1362 2453 exercentibus
1385 2389 1598 2473 distribuant,
1619 2411 1680 2455 nec
1701 2389 1795 2454 deca-

369 2510 430 2553 nus
464 2486 648 2552 huiusmodi
679 2489 834 2574 pecunias
863 2487 926 2552 sibi
952 2487 1135 2552 imbursare
1161 2498 1348 2573 praesumat
1375 2487 1435 2554 sub
1463 2510 1583 2574 poena,
1613 2488 1648 2553 in
1676 2497 1796 2554 statuto

371 2609 456 2652 novo
475 2587 622 2651 vicesimi
643 2587 748 2675 quinti
768 2586 839 2651 folii
860 2587 1067 2673 conscripto¹
1089 2608 1257 2672 expressa.

331 2795 366 2850 20
780 2761 841 2851 ¹17.
864 2804 911 2850 on
933 2802 1108 2851 nncmoun
1131 2802 1258 2850 sorcin
1280 2803 1416 2852 ussum.

457 2914 543 2995 Quia
563 2915 639 2981 talis
659 2914 755 2980 lectio
775 2914 878 2981 loicae
899 2915 1022 2980 Hesbri
1044 2937 1159 3001 parum
1184 2916 1309 2982 fructus
1337 2919 1371 2981 in
1391 2941 1426 2982 se
1448 2916 1583 2999 habeat,
1610 2915 1685 2981 ideo
1707 2915 1795 2981 volu·

372 3038 460 3097 mus,
490 3015 577 3102 quod
606 3016 678 3081 loco
706 3013 850 3079 eiusdem
874 3013 1022 3079 lectionis
1048 3037 1108 3101 pro
1137 3017 1325 3101 magisterio
1353 3016 1480 3103 legatur
1508 3016 1549 3081 de
1577 3025 1684 3081 cetero
1713 3015 1797 3080 liber

371 3115 606 3181 rhetoricorum
626 3113 820 3179 Aristotelis.

713 3283 776 3346 ·18.
798 3296 845 3342 on
867 3295 1099 3345 nncrrorusus
1121 3298 1158 3344 nr
1179 3296 1438 3344 mansuarios.

330 3419 363 3476 25
455 3410 542 3491 Quia
563 3409 640 3474 libri
661 3408 951 3491 mathematicales,
973 3410 1121 3474 fortas’sis
1141 3419 1275 3497 propter
1295 3413 1492 3497 paucitatem
1513 3412 1744 3496 magistrorum
1764 3413 1797 3475 in

372 3509 686 3575 mathematicalibus
708 3508 976 3591 exercitatorum,
997 3530 1073 3573 raro
1096 3507 1246 3594 leguntur
1267 3512 1352 3574 etin
1374 3512 1585 3575 universitate
1606 3512 1795 3575 continuan-

372 3618 439 3692 tur,
462 3609 611 3674 volumus
633 3618 665 3672 et
687 3607 889 3688 ordinamus,
917 3608 1004 3696 quod
1022 3607 1160 3672 facultas
1182 3610 1301 3673 artium
1325 3609 1366 3674 de
1392 3619 1500 3675 cetero
1529 3607 1666 3693 singulis
1693 3619 1795 3674 muta·

372 3707 519 3773 cionibus
541 3707 600 3772 sub
623 3716 711 3772 certa
722 3706 870 3770 mercede
892 3705 1022 3793 deputet
1043 3707 1168 3794 aliquos
1190 3710 1365 3793 magistros
1386 3710 1420 3772 in
1433 3706 1663 3773 mathematica
1673 3709 1796 3793 peritos

371 3818 402 3873 et
422 3809 597 3872 instructos
619 3805 662 3871 ad
681 3804 853 3891 legendum
880 3813 912 3869 et
933 3806 1185 3870 continuandum
1209 3807 1355 3872 utiliores
1376 3808 1478 3872 libros
1499 3809 1534 3872 in
1555 3806 1796 3889 mathematica,

329 3915 410 3972 scut
435 3905 619 3986 Euclidem,
647 3906 885 3991 perspectivam
917 3927 1136 3987 communem,
1170 3906 1347 3973 theoricam
1374 3906 1578 3994 planetarum
1601 3915 1636 3971 et
1665 3905 1797 3971 similes.

370 4007 415 4072 Et
436 4004 620 4070 huiusmodi
641 4003 800 4068 mercedis
823 4005 892 4068 sive
913 4013 1025 4089 pastus
1046 4007 1246 4070 taxationem
1273 4006 1340 4091 ipsi
1362 4004 1485 4075 decano
1513 4016 1545 4070 et
1565 4006 1632 4070 suis
1662 4005 1797 4071 seniori·

371 4104 433 4171 bus
452 4102 686 4170 aestimandam
709 4102 945 4167 committimus.
1463 4128 1465 4133 ⁴

642 4306 689 4368 19.
710 4320 758 4366 na
781 4317 952 4367 sanorum
972 4321 1018 4368 nr
1041 4279 1231 4370 canturam
1248 4320 1570 4370 marumcroumus.

452 4435 619 4517 Volumus,
642 4432 729 4520 quod
750 4433 859 4497 omnia
879 4444 911 4497 et
931 4432 1059 4520 singula
1081 4435 1259 4519 supposita,
1282 4457 1342 4522 pro
1366 4433 1471 4520 gradu
1492 4433 1601 4519 aliquo
1617 4434 1652 4497 in
1669 4433 1794 4499 artibus

329 4534 578 4621 ttcomplentia,
600 4533 643 4597 ad
654 4531 838 4597 huiusmodi
854 4531 1036 4597 fructuosas
1059 4532 1298 4628 disputaciones
1321 4543 1352 4598 et
1371 4533 1541 4598 latinitatis
1555 4531 1795 4597 observantiam

373 4633 623 4720 compellantur,
644 4631 794 4719 quodque
817 4631 851 4694 in
873 4631 995 4696 eisdem
1015 4634 1049 4696 in
1072 4632 1185 4696 ordine
1216 4654 1274 4697 suo
1301 4643 1484 4719 opponant,
1514 4640 1654 4719 arguant
1684 4640 1715 4695 et
1745 4653 1795 4695 re·

371 4732 562 4820 spondeant
602 4731 825 4797 Conventores
847 4753 974 4818 quoque
994 4730 1202 4816 collegiorum
1218 4741 1249 4795 et
1269 4731 1442 4796 bursarum
1461 4730 1717 4818 approbatarum
1741 4730 1795 4795 de

441 4982 452 5031 1
472 4977 526 5033 Die
543 4976 744 5049 Casusendung
763 4977 800 5032 ist
815 4994 865 5032 aus
875 4978 925 5032 der
936 4977 1110 5052 Abkiirzung
1121 4978 1200 5034 nicht
1209 4980 1261 5034 mit
1272 4977 1470 5034 Sicherhoitzu
1482 4978 1636 5046 erkennen3
1655 4977 1796 5033 vielleicht

371 5061 542 5131 conscripti!
559 5061 688 5117 Gemeint
706 5061 742 5114 ist
765 5059 815 5114 das
833 5059 941 5127 Statut,
966 5061 1082 5117 welches
1104 5080 1150 5117 um
1175 5063 1241 5117 oder
1266 5061 1339 5116 nach
1366 5066 1430 5117 1490
1453 5061 1634 5135 eingstragen
1656 5061 1709 5132 ist,
1738 5062 1795 5135 vgl.

371 5144 509 5202 Urkundl.
531 5144 653 5233 Quellen'
666 5143 692 5200 S.
713 5149 762 5200 834
779 5151 866 5224 unten
882 5144 949 5200 Nro.
967 5149 983 5199 3
1001 5145 1082 5209 (Stat.
1099 5153 1196 5200 couno
1212 5148 1331 5201 manos
1348 5149 1420 5217 eta).
