3810 6150
609 497 659 548 Die
679 496 798 549 Statuten
818 511 880 547 vom
897 496 980 550 Jahre
999 494 1070 549 1558.
1489 487 1544 556 28l

124 683 206 748 intra
221 680 365 746 triduum
378 680 607 762 numeraverit,
631 678 842 766 collegiatura
864 703 924 745 sua
948 681 1095 766 privatus
1116 684 1193 741 esto.
1226 674 1339 741 Socius
1361 668 1547 759 au[l3]tem

125 803 253 846 mensae
274 779 327 845 vel
359 779 544 866 inquilinus,
571 781 605 843 in
634 779 732 844 simili
761 779 886 865 flagitio
914 779 1148 865 deprehensus,
1182 774 1288 840 solvat
1314 773 1437 839 ibidem
1463 773 1551 837 intra

126 880 287 945 octiduum
308 890 375 945 tres
396 880 544 953 florenos,
565 878 617 942 vel
638 900 656 943 e
678 878 813 964 collegio
837 877 1037 943 excludatur.

202 1028 311 1094 XVII.
340 1026 489 1113 Collega,
522 1029 577 1115 qui
605 1035 701 1092 extra
729 1029 827 1093 aedes
857 1027 984 1113 collein
1011 1029 1111 1092 utitur
1141 1022 1374 1090 consuetudine
1403 1019 1547 1085 mulieris

126 1138 292 1215 suspectae
312 1126 498 1214 pudicitiae,
527 1128 633 1213 primo
653 1127 749 1192 debet
770 1127 813 1192 ab
836 1150 885 1207 eo,
907 1126 1017 1214 quiid
1039 1125 1271 1190 animadvertit
1297 1132 1353 1187 aut
1373 1119 1506 1185 rescivit
1527 1139 1548 1182 a
1572 1125 1588 1179 ⁵

125 1226 183 1291 fide
207 1224 326 1311 dignis,
353 1225 556 1291 familiariter
577 1228 709 1307 moneri,
737 1236 772 1291 ut
796 1225 839 1291 ab
860 1227 1009 1313 incoepto
1033 1225 1177 1291 desistat.
1221 1221 1256 1286 Si
1286 1222 1390 1285 averti
1418 1217 1459 1283 ab
1487 1217 1549 1281 hoc

125 1347 185 1390 non
207 1326 338 1411 poterit,
360 1323 599 1390 manifestanda
621 1334 670 1389 est
690 1347 742 1389 res
764 1327 837 1412 ipsa
859 1327 1045 1412 praeposito
1068 1333 1100 1388 et
1121 1322 1240 1386 seniori
1263 1318 1415 1405 collegae,
1432 1327 1497 1398 aut,
1520 1318 1548 1381 si

125 1424 282 1510 quispiam
303 1423 387 1488 forte
408 1422 522 1488 horum
544 1425 586 1487 sit
612 1446 695 1505 reus,
723 1421 780 1506 illi,
805 1426 859 1511 qui
890 1425 1038 1510 proxime
1061 1423 1214 1507 sequitur,
1242 1421 1298 1508 qui
1324 1429 1356 1483 et
1382 1417 1446 1504 ipsi
1475 1437 1548 1480 cum

127 1521 239 1586 amicis
251 1521 361 1586 verbis
384 1544 502 1587 sanare
523 1521 707 1586 studebunt
740 1522 776 1587 Si
796 1544 900 1606 neque
919 1520 981 1586 hac
1002 1523 1128 1587 ratione
1149 1522 1322 1606 quicquam
1343 1515 1549 1604 profecerint,

124 1618 301 1707 cogendum
325 1629 375 1684 est
394 1630 498 1686 totum
520 1619 691 1706 collegium
720 1631 752 1685 et
778 1619 853 1685 talis
879 1619 1034 1685 benevole
1056 1618 1276 1705 castigandus,
1305 1617 1360 1704 qui
1386 1615 1546 1699 flagitium
1557 1620 1589 1677 10

122 1721 373 1806 perpetraverit.
399 1718 496 1799 Quod
517 1721 671 1806 sineque
692 1719 769 1785 huic
791 1716 854 1805 [14]
875 1719 1039 1783 fraternae
1059 1719 1264 1803 castigationi
1285 1714 1391 1782 locum
1411 1711 1547 1799 relique

118 1819 171 1899 rit,
200 1818 271 1881 iure
300 1816 429 1900 collegii
458 1818 606 1903 privatus
634 1827 701 1883 esto
730 1829 762 1883 et
787 1819 875 1882 intra
899 1840 1043 1882 mensem
1063 1827 1161 1882 exeat
1186 1816 1338 1901 collegio,
1366 1811 1454 1900 quod
1483 1811 1547 1875 nisi

116 1916 242 1999 fecerit,
265 1917 416 2002 periurus
435 1915 604 1982 habeatur.
648 1916 762 1996 Qualis
785 1918 883 1981 etiam
906 1919 1030 1981 censeri
1051 1915 1156 1998 debet,
1177 1918 1287 2000 siquo
1307 1912 1403 1979 modo
1423 1910 1547 1990 ulcisci,

115 2016 190 2080 sive
210 2036 272 2101 per
292 2028 328 2079 se
349 2014 418 2078 sive
440 2037 500 2100 per
521 2014 629 2097 alium,
653 2037 845 2103 quacunque
865 2018 990 2080 ratione
1012 2016 1185 2080 tentaverit
1205 2014 1249 2096 id,
1270 2012 1312 2078 ob
1334 2009 1420 2099 quod
1436 2008 1547 2073 debito

112 2112 215 2179 modo
235 2114 270 2176 in
290 2113 397 2199 ipsum
418 2112 590 2199 collegium
612 2114 849 2179 animadvertit.
1557 2115 1587 2170 15

202 2277 322 2344 XVIH.
349 2277 437 2343 Nihil
458 2287 526 2344 tam
548 2277 650 2361 decet,
673 2302 770 2367 quam
792 2292 829 2346 ut
849 2283 933 2346 inter
952 2280 1070 2345 fratres
1093 2274 1268 2344 concordia
1288 2274 1403 2356 alatur,
1426 2272 1546 2337 Severe

105 2375 221 2464 igitur
250 2377 458 2442 interdictum
484 2377 650 2460 volumus,
677 2401 718 2443 nc
734 2381 819 2466 quis
848 2379 985 2445 alterum
1011 2378 1064 2443 vel
1088 2376 1198 2442 verbis
1228 2375 1280 2440 vel
1306 2374 1402 2438 factis
1430 2371 1547 2437 laedat

108 2477 184 2558 Qui
205 2497 284 2541 vero
316 2486 430 2542 eontra
462 2476 642 2564 deliquerit,
669 2478 698 2541 is
724 2481 902 2543 sententiae
926 2501 947 2542 a
969 2478 1085 2542 maiori
1114 2485 1206 2562 parte
1231 2474 1318 2539 latae
1345 2471 1547 2558 obtemperet

106 2586 148 2639 et
173 2574 218 2639 ab
240 2573 298 2641 illa
319 2574 475 2640 dictatam
497 2574 629 2641 multam
650 2576 826 2662 persolvat.
863 2576 958 2657 Quod
979 2577 1006 2640 si
1027 2577 1073 2640 ita
1095 2576 1247 2662 pertinax
1268 2574 1432 2653 fuerit,'ut
1450 2571 1546 2634 etiarn

109 2670 207 2737 hanc
224 2670 302 2737 dare
323 2683 459 2756 recuset,
482 2675 628 2760 privetur
642 2674 682 2739 de
705 2671 931 2762 sen[l5]tentia
952 2675 1113 2739 communi
1132 2672 1328 2760 reliquorum
1350 2668 1589 2756 collegarumto

104 2792 179 2856 pro
201 2773 381 2859 quantitate
401 2781 433 2836 et
456 2772 610 2859 qualitate
632 2772 740 2837 delicti
763 2772 874 2860 aliqua
895 2796 1074 2838 annuorum
1095 2772 1255 2875 redituum
1278 2778 1382 2858 parte.

105 2971 108 2975 ⁴
201 2935 296 3001 XIX.
327 2935 469 3003 Cuilibet
489 2937 632 3022 collegae
658 2937 796 3003 liberum
825 2940 866 3003 sit
889 2936 1031 3026 quolibet
1058 2939 1246 3002 semestris
1273 2934 1409 3020 collegio
1431 2933 1546 2999 abesse

103 3054 230 3101 mense
250 3057 326 3100 uno.
365 3035 424 3100 Sin
445 3046 551 3101 autem
581 3035 698 3123 aliquis
726 3036 865 3123 longiori
884 3047 1031 3122 tempore
1051 3031 1190 3101 volu‘erit
1210 3035 1325 3100 abesse
1346 3045 1402 3099 aut
1425 3033 1488 3098 alio
1511 3056 1547 3097 se

103 3135 281 3216 conferre,
311 3155 426 3200 causas
458 3133 625 3200 absentiae
656 3159 733 3201 suae
762 3146 906 3224 exponat
934 3134 1083 3220 collegio,
1114 3133 1201 3221 quod
1231 3133 1407 3198 secundum
1435 3154 1546 3196 earum

104 3232 412 3301 considerationem
432 3232 485 3298 vel
506 3237 695 3321 permittere
717 3233 765 3299 illi
786 3235 872 3319 quod
894 3236 975 3321 petit
996 3233 1048 3298 vel
1072 3231 1234 3318 denegare
1255 3232 1386 3319 poterit.
1554 3240 1587 3295 25

200 3397 278 3463 XX.
309 3397 392 3464 Cum
423 3397 540 3464 nullius
574 3401 621 3464 rei
650 3409 718 3467 tam
748 3402 811 3466 cito
840 3400 934 3466 nobis
967 3406 1136 3487 surrepere
1165 3396 1286 3463 oblivio
1316 3397 1418 3463 soleat
1446 3420 1544 3485 quam

103 3491 268 3563 beneficii
295 3498 438 3584 accepti,
467 3496 547 3563 nibil
568 3521 646 3563 vero
675 3509 740 3564 tam
770 3511 867 3587 turpe
895 3500 937 3564 sit
963 3522 1061 3586 quam
1089 3497 1183 3562 huius
1210 3498 1430 3562 immemorem
1458 3520 1545 3562 esse:

101 3593 191 3666 ideo
221 3595 404 3661 iudicamus
440 3618 544 3684 neque
584 3597 736 3685 deinceps
774 3599 1033 3664 anniversariam
1068 3596 1325 3662 recordationem
1363 3595 1545 3662 fundatoris

99 3695 221 3762 nostri
241 3694 532 3761 munificentissimi
551 3716 621 3760 esse
642 3697 924 3764 intermittendam.
953 3696 1064 3763 Solum
1085 3697 1169 3761 enim
1191 3697 1253 3761 hoc
1276 3706 1308 3760 et
1326 3697 1456 3762 unicum
1480 3693 1543 3785 [16]

102 3803 165 3859 est
196 3791 347 3876 officium,
378 3791 465 3879 quod
495 3795 559 3882 ipsi
591 3805 666 3861 ante
698 3795 815 3862 multos
847 3819 948 3862 annos
979 3796 1128 3862 defuncto
1160 3790 1586 3883 praester-‘possumusto

103 3892 211 3974 Quae
233 3892 342 3979 itaque
363 3901 438 3957 ante
458 3892 540 3959 haec
560 3902 708 3980 tempora
730 3896 764 3959 in
784 3897 911 3977 missas,
940 3895 1069 3982 vigilias
1096 3904 1128 3959 et
1153 3894 1234 3960 alias
1257 3894 1465 3960 solennitates
1486 3895 1544 3960 im-

100 4009 222 4077 pensa
242 3989 381 4074 fuerunt,
403 4013 442 4056 ea
463 3993 497 4056 in
518 4003 692 4079 posterum,
713 4002 747 4058 ut
770 4005 801 4059 et
821 3984 976 4059 hactenus
999 4003 1047 4059 est
1068 3995 1199 4074 factum,
1221 3993 1367 4060 nolumus
1384 3993 1544 4076 distribui,

101 4088 161 4156 ita
183 4098 221 4154 ut
241 4087 372 4155 cuilibet
393 4088 537 4175 collegae
559 4092 768 4178 collegiorum
782 4095 915 4159 maioris
937 4105 968 4158 et
989 4093 1123 4158 minoris
1144 4091 1436 4159 illustrissimorum
1457 4095 1544 4181 prin-

102 4191 227 4276 cipum
260 4197 319 4254 etc.
355 4187 491 4275 singulis
522 4191 616 4255 annis
650 4206 796 4279 quatuor,
834 4201 866 4256 et
898 4194 925 4257 si
958 4194 1029 4278 quis
1062 4215 1103 4256 ex
1135 4214 1244 4257 eorum
1281 4215 1415 4258 numero
1442 4194 1543 4258 fuerit

101 4287 233 4352 doctor
254 4308 367 4353 sacrae
387 4286 579 4374 theologiae,
603 4312 660 4354 sex
683 4289 798 4354 dentur
819 4292 936 4377 grossi,
958 4294 992 4356 in
1005 4290 1119 4375 vigilia
1138 4292 1399 4380 annunciationis
1418 4292 1543 4358 Mariae
1551 4300 1585 4357 35

102 4385 169 4451 vel
192 4385 328 4451 circiter.

199 4533 294 4598 XXI.
325 4533 423 4615 Quod
462 4534 506 4600 ad
538 4539 615 4623 pagi
651 4547 682 4601 ct
713 4536 911 4626 reliquorum
945 4561 1097 4605 censuum
1128 4539 1388 4607 distributionem
1420 4544 1545 4624 attinet,

100 4633 201 4699 inter
228 4631 361 4699 Sileaios
389 4632 567 4719 aequalitas
598 4646 759 4721 servetur3
789 4659 860 4702 cum
882 4637 1024 4704 Pruteno
1052 4648 1158 4704 autem
1186 4639 1305 4712 (donec
1332 4663 1352 4705 a
1378 4639 1543 4727 populari-

99 4726 177 4798 bus
198 4731 305 4818 ipsius
330 4733 414 4797 iusto
435 4732 530 4800 modo
551 4746 708 4820 augeatur
730 4735 913 4823 collegium)
942 4737 1017 4802 talis
1043 4736 1202 4803 habeatur
1228 4739 1326 4804 ratio:
1358 4749 1393 4803 ut
1420 4762 1545 4805 summa

100 4829 342 4896 distribuenda
369 4832 454 4896 inter
482 4831 623 4919 collegas
651 4857 761 4916 ornnes
784 4836 819 4899 in
845 4845 956 4922 partes
984 4838 1075 4900 iuxta
1102 4838 1213 4924 capita
1238 4837 1435 4923 collegarum
1463 4837 1587 4903 divi-oo

104 4929 224 5010 datur,
247 4941 278 4992 et
299 4924 363 5017 [17]
380 4928 421 4994 de
441 4929 498 4996 illa
518 4933 676 5018 portione,
698 4955 781 5019 quae
793 4933 936 4999 Pruteno
952 4935 1120 5020 contingit,
1142 4933 1331 5000 detrahatur
1351 4939 1447 5002 tertia
1467 4959 1543 5024 par·

102 5025 216 5093 ticula
238 5035 271 5090 et
292 5026 436 5113 reliquae
458 5027 542 5095 duae
563 5031 744 5118 particulae
764 5040 890 5096 tantum
911 5032 1054 5098 Pruteno
1075 5042 1273 5116 remaneant,
1300 5037 1398 5100 tertia
1417 5034 1544 5101 Silesiis

105 5124 193 5193 solis
214 5122 447 5194 distribuenda.
476 5128 612 5196 Constat
632 5132 726 5213 enim,
747 5129 834 5222 quod
853 5131 986 5197 Pruteni
1005 5154 1071 5198 non
1091 5141 1223 5200 tantum·
1231 5134 1423 5200 contulerint
1443 5134 1545 5218 initio,
