3756 6158
743 498 797 546 Der
813 498 892 546 Liber
911 497 1025 546 nationis
1043 494 1187 547 Potonicac

375 693 532 759 Canonici
555 691 841 780 Naumburgcnses
899 743 1410 758 ...........
1453 697 1493 759 24
1528 705 1559 776 91

457 820 469 847 a
555 792 824 878 Mersburgenses
849 843 1413 858 ............
1457 796 1498 858 24
1540 821 1553 846 ε

457 921 468 946 2
557 892 726 957 Zitaenses
748 943 1411 959 ..............
1458 896 1496 957 12
1539 919 1552 943 2

330 1020 390 1109 [Bl.
410 1022 462 1112 8.]
485 1024 600 1090 Evecti
621 1025 664 1090 ad
687 1049 828 1090 summos
847 1027 1004 1094 honorum
1026 1037 1058 1092 et
1078 1027 1272 1113 dignitatum
1292 1025 1414 1106 titulos,
1441 1032 1559 1111 utputa
1584 1044 1670 1108 prae·

206 1132 222 1186 5
250 1121 384 1204 laturas,
405 1126 612 1211 episcopatus
634 1135 691 1190 aut
710 1126 785 1208 alia,
808 1126 1002 1194 admonendi
1025 1137 1056 1191 et
1076 1125 1209 1213 petendi
1233 1135 1315 1208 sunt,
1336 1134 1372 1190 ut
1394 1147 1453 1211 pro
1473 1122 1667 1188 liberalitate

250 1244 308 1285 sua
328 1223 491 1289 nationem
512 1226 631 1292 iuvent.
1216 1299 1221 1318 ,

331 1321 396 1403 Qui
424 1323 467 1388 ad
495 1332 620 1389 certum
649 1335 681 1390 et
706 1324 807 1391 breve
832 1325 1027 1393 destinatum
1055 1333 1183 1412 tempus
1211 1322 1397 1390 muneribus
1428 1319 1666 1409 praeficiuntur,

252 1420 380 1486 solvant
401 1425 520 1505 statim,
542 1425 794 1512 quotiescunque
814 1425 850 1491 id
870 1427 976 1512 ipsum
998 1423 1061 1490 illis
1079 1421 1271 1510 contigerit:

374 1556 642 1623 Decaniartium
694 1610 700 1623 .
744 1611 750 1624 .
794 1610 801 1623 .
896 1607 1405 1624 ...........
1451 1561 1489 1623 12
1530 1569 1561 1638 pt

212 1663 244 1717 10
377 1655 505 1722 Decani
525 1657 725 1745 theologicae
744 1659 918 1742 facultatis,

416 1778 553 1844 quorum
576 1756 688 1823 electio
710 1781 769 1845 per
791 1756 936 1825 ordinem
957 1753 1055 1845 saepe
1074 1757 1293 1843 reintegratur
1351 1808 1358 1821 .
1401 1806 1408 1819 .
1471 1759 1492 1821 s
1536 1780 1549 1808 ι

372 1855 558 1943 Praepositi
578 1855 729 1923 villarum
752 1858 973 1924 univcrsitatis
998 1847 1016 1920 ζ
1048 1908 1055 1921 .
1099 1907 1105 1921 .
1131 1872 1133 1877 ·
1151 1907 1410 1920 ......
1456 1859 1495 1920 12
1539 1881 1552 1908 ⁵

371 1955 624 2022 Procancellarii
646 1979 909 2044 quarumcunque
930 1955 1121 2022 facultatum
1153 2005 1412 2023 ......
1458 1958 1496 2019 12
1537 1979 1553 2034 ρ

372 2055 527 2122 Rectores
548 2055 737 2123 academiae
749 2107 1160 2122 .........
1203 2096 1211 2120 ·.
1254 2105 1262 2120 .
1305 2107 1312 2120 .
1354 2107 1360 2119 .
1404 2105 1411 2117 .
1457 2058 1495 2121 12
1539 2080 1552 2108 ε

214 2196 243 2250 15
334 2188 513 2270 Postremo,
539 2200 574 2254 ut
602 2191 843 2256 recurrentibus
871 2212 1000 2277 semper
1022 2187 1084 2275 [81]
1107 2190 1201 2254 annis
1222 2211 1317 2256 nemo
1339 2188 1380 2253 de
1401 2189 1534 2253 natione
1555 2185 1598 2250 ab
1619 2207 1669 2249 an·

253 2308 319 2352 nua
339 2286 574 2355 contributione
594 2288 749 2355 liberetur
769 2289 827 2355 sed
847 2291 1011 2370 annuatim
1033 2311 1160 2377 quoqne
1180 2287 1303 2375 aliquid
1324 2287 1527 2383 corradatur,
1548 2282 1670 2352 solvant

253 2385 372 2470 singuli
393 2379 530 2473 singulis
552 2389 644 2454 annis
667 2390 755 2454 circa
775 2389 922 2456 Paschae
942 2398 974 2453 et
995 2390 1193 2454 ascensionis
1215 2380 1336 2455 domini
1355 2387 1472 2454 ferias:

374 2518 518 2586 Studiosi
567 2570 1431 2587 ..................
1478 2525 1491 2586 1
1526 2534 1558 2604 91

371 2619 583 2685 Baccalaurei
603 2621 637 2685 in
657 2618 782 2686 artibus
819 2672 825 2685 .
870 2674 876 2686 .
919 2673 926 2686 .
970 2633 998 2686 ,⁴
1021 2668 1432 2685 .........
1478 2625 1492 2684 1
1538 2645 1551 2672 1

373 2719 490 2784 Bacca
511 2720 545 2784 in
565 2721 636 2786 iure
668 2768 1431 2786 ................
1474 2724 1496 2784 2
1538 2745 1551 2773 s

373 2818 524 2905 Magistri
566 2869 1229 2886 ..............
1251 2871 1281 2887 ,.
1325 2871 1332 2883 .
1375 2870 1382 2883 .
1425 2869 1433 2882 .
1475 2822 1497 2884 2
1538 2844 1552 2871 ¹

372 2918 546 2983 Licentiati
567 2969 1331 2986 ................
1329 2940 1336 2955 ·
1375 2970 1381 2983 .
1424 2969 1432 2982 .
1475 2922 1495 2985 3
1538 2945 1550 2972 ⁵

371 3018 531 3084 Doctores
566 3067 1431 3085 ..................
1474 3023 1495 3082 4
1537 3044 1551 3072 ⁸

372 3117 522 3211 Domini,
554 3117 677 3184 nobiles
709 3129 742 3184 et
772 3118 921 3202 ditiores,
953 3130 1108 3208 quantum
1136 3120 1290 3204 cuiusque
1321 3116 1511 3183 liberalitati
1543 3138 1606 3203 par
1625 3123 1672 3179 est

204 3225 237 3280 25
555 3228 587 3282 et
607 3217 766 3283 decorum.

329 3349 381 3414 De
405 3352 545 3437 pecunia
568 3360 605 3416 ut
630 3360 721 3438 patet
741 3361 912 3439 praesente
934 3361 1043 3437 empta
1065 3361 1113 3416 est
1133 3352 1227 3416 iuxta
1247 3349 1433 3417 conclusum
1461 3349 1606 3414 nationis
1631 3347 1672 3412 ad

248 3449 488 3516 reservandam
500 3450 696 3536 superfluam
718 3474 877 3516 summam
893 3450 1008 3516 cistula
1028 3451 1145 3533 ferrea,
1167 3450 1290 3517 habens
1305 3473 1401 3515 unam
1421 3470 1530 3514 seram
1544 3456 1577 3513 et
1592 3447 1671 3513 duas

249 3549 357 3613 claves
379 3550 564 3631 uniformes,
590 3572 650 3636 pro
672 3560 809 3637 quatuor
831 3573 904 3616 cum
931 3549 1066 3616 dimidio
1088 3550 1222 3616 thaleris
1244 3560 1276 3615 61
1297 3573 1360 3616 uno
1382 3545 1447 3636 [9⁸]
1471 3547 1671 3614 Schrecken·

247 3649 391 3734 berger¹,
413 3650 491 3714 facit
511 3651 650 3735 quinque
671 3650 820 3734 florenos,
844 3673 902 3715 sex
923 3672 1065 3736 grossos,
1087 3673 1145 3715 sex
1166 3650 1326 3718 denarios.

206 3774 240 3830 30
331 3765 413 3829 Item
433 3775 560 3852 emptus
580 3776 629 3831 est
646 3766 729 3831 liber
744 3789 785 3831 ex
800 3767 1015 3850 membranis3
1036 3776 1184 3833 constant
1204 3766 1412 3832 membranae
1425 3773 1566 3850 quatuor
1582 3762 1670 3828 flore-

247 3887 306 3928 nos
327 3876 358 3927 et
379 3887 436 3930 sex
458 3888 600 3951 grossos,
628 3865 758 3952 ligatori
779 3877 854 3933 sunt
876 3863 944 3932 dati
969 3875 1093 3954 septem
1114 3868 1237 3953 grossi,
1263 3876 1295 3931 et
1316 3868 1364 3931 sic
1384 3874 1472 3930 totus
1492 3861 1578 3929 liber
1600 3884 1671 3927 con·

249 3972 313 4027 stat
332 3969 351 4028 4
373 3978 404 4047 [6
430 3969 466 4031 13
486 3980 527 4048 μς.

329 4061 463 4128 Summa
489 4086 566 4150 ergo
588 4063 722 4129 cistulae
748 4074 779 4129 et
800 4063 876 4131 libri
905 4075 954 4131 est
979 4088 1095 4130 novem
1123 4064 1321 4148 florinorum,
1350 4061 1464 4129 decem
1493 4070 1527 4128 et
1553 4082 1669 4126 novem

248 4183 446 4246 grossorum,
467 4185 525 4228 sex
547 4163 763 4229 denariorum.
890 4234 893 4238 ,

206 4285 240 4340 35
330 4275 467 4345 Restant
496 4281 605 4365 itaque
635 4281 774 4367 quinque
805 4281 910 4361 aurei,
943 4279 1093 4347 undecim
1123 4281 1263 4367 grossi.²
1308 4277 1435 4361 Quibus
1465 4284 1672 4343 accesserunt

247 4387 384 4461 quatuor
405 4378 519 4443 floreni
541 4387 573 4442 et
594 4379 778 4467 quindecim
799 4380 921 4464 grossi,
950 4401 1030 4466 quos
1053 4389 1128 4467 post
1151 4378 1274 4464 aliquot
1301 4370 1501 4466 septimanas
1524 4374 1670 4462 diligenti

247 4477 335 4540 fecta
361 4477 568 4564 inquisitione
597 4479 762 4545 solverunt
791 4478 948 4543 haeredes
978 4477 1120 4544 doctoris
1141 4477 1274 4545 Martini
1301 4476 1450 4558 Losselii,
1482 4473 1670 4564 aliquandiu

248 4576 384 4640 senioris
405 4576 545 4641 nationis
564 4579 617 4665 pie
639 4578 792 4659 defuncti,
811 4577 904 4641 iuxta
923 4580 990 4642 eius
1004 4576 1266 4664 chirographum,
1286 4585 1418 4658 testans,
1441 4575 1529 4665 quod
1549 4584 1668 4640 tanturn

251 4673 281 4761 [9
289 4671 314 4761 b]
339 4677 503 4762 acceperit
520 4699 540 4741 a
560 4679 716 4764 magistro
739 4676 972 4763 Christophoro
991 4675 1151 4763 Montagk
1173 4676 1313 4741 Pruteno
1341 4673 1466 4741 foelicis
1488 4673 1667 4752 memoriae,

207 4784 413 4860 lorepertum
436 4785 468 4840 et
488 4775 643 4842 traditum
664 4776 787 4841 nationi
809 4798 830 4840 a
851 4774 951 4840 vidua
972 4775 1001 4841 d.
1022 4777 1171 4862 magistri
1193 4773 1429 4862 Christophori.

311 5079 321 5127 1
341 5071 394 5127 Ein
412 5071 670 5145 Schreckenberger
685 5100 719 5120 =
736 5079 785 5141 3¹l2
806 5077 829 5141 sd
849 5074 994 5144 (Klotasch
1012 5073 1077 5144 1‚S.
1095 5078 1166 5139 ³44).

309 5156 1357 5230 rmwra=21u31ss=1aag=asg31qe=na
