3756 6158
244 487 304 549 550
750 482 800 532 Die
819 481 1002 547 theologirchs
1022 483 1146 534 Facultit.

243 664 339 729 talem
368 661 486 728 librum
507 661 627 728 talibus
649 662 720 730 loco
743 672 775 728 et
794 663 906 732 hora.“
947 664 1029 729 Item
1055 662 1190 752 quilibet
1212 684 1324 727 cursor
1351 662 1545 749 procurabit
1567 662 1664 727 scribi

243 776 367 850 tempus
392 763 589 848 incepcionis
612 773 643 827 et
671 763 828 829 {inicionis
858 764 907 828 sui
937 786 1050 828 cursus
1073 762 1115 828 ad
1143 761 1263 828 librum
1291 763 1469 828 facultatis.
1510 763 1665 829 Similiter

244 861 377 950 quilibet
396 862 628 927 sentenciarius
651 863 841 949 procurabit
861 872 1008 950 tempora
1030 858 1092 950 [δι]
1114 862 1311 948 incepcionis
1335 874 1367 929 et
1385 863 1549 928 finieionis
1569 863 1665 929 libro-

243 984 314 1025 rum
335 962 572 1026 sentenciarum
595 962 638 1027 ad
659 962 777 1027 librum
798 961 970 1027 facultatis.

201 1153 218 1206 5
354 1146 383 1206 6.
406 1159 556 1208 ausfflcs
577 1160 623 1206 DII
644 1161 722 1225 HIIS,
744 1161 834 1220 QUAE
857 1161 1033 1211 saroam
1055 1162 1102 1209 ΔΙ)
1125 1160 1295 1210 amoenos
1316 1161 1560 1214 ssccsnsmos

803 1260 1095 1308 mnmrssasrsa.

328 1392 485 1458 Cursores
507 1401 539 1456 et
560 1391 764 1456 sentenciarii
787 1400 935 1456 tenentur
957 1386 1133 1457 decano'et
1153 1390 1299 1456 facultati
1325 1393 1360 1456 in
1387 1391 1485 1457 licitis
1507 1401 1540 1457 et
1559 1390 1668 1457 hones·

245 1493 285 1556 tis
308 1491 451 1556 obedire.
492 1492 571 1556 Item
594 1489 729 1578 quilibet
752 1513 861 1555 eorum
883 1499 1008 1555 tenetur
1031 1489 1230 1576 singulorum
1253 1491 1485 1576 magistrorum
1515 1489 1669 1557 lecciones

247 1590 418 1674 diligenter
441 1590 510 1653 sin'e
537 1588 612 1653 dolo
639 1599 672 1653 et
697 1588 812 1654 fraude
832 1590 867 1653 in
889 1612 996 1677 cappa
1017 1591 1160 1672 visitare,
1190 1591 1237 1654 sie
1265 1589 1352 1677 quod
1381 1588 1502 1655 nullius
1525 1590 1669 1676 magistri

208 1690 328 1756 10duas
350 1688 508 1753 lecciones
532 1696 604 1774 post
623 1689 761 1753 invicem
790 1711 825 1752 se
851 1698 1020 1776 sequentes
1045 1688 1207 1775 negligat3
1239 1698 1271 1753 et
1291 1689 1413 1774 siquis
1435 1709 1529 1753 secus
1551 1689 1668 1772 feeerit,

247 1812 287 1854 ex
320 1797 396 1852 tunc
430 1788 548 1872 singuli
580 1788 729 1873 magistri
762 1787 805 1852 ad
835 1789 904 1853 eius
936 1788 1120 1877 ulteriorem
1154 1787 1397 1875 promocionem
1425 1797 1577 1851 tenentur
1604 1810 1669 1852 esse

246 1910 373 1974 graves.
415 1887 495 1951 Item
525 1886 660 1975 quilibet
682 1910 793 1953 eorum
818 1897 944 1952 tenetur
967 1909 1096 1952 omnem
1119 1888 1238 1968 actum,
1266 1884 1404 1972 gradum
1430 1908 1523 1950 suurn
1544 1908 1668 1950 concer-

245 1997 383 2068 nentem,
410 1987 442 2049 in
464 2008 571 2073 cappa
592 1987 715 2070 facere3
744 1988 820 2052 item
843 1985 1007 2053 ordinarie
1027 1985 1227 2073 respondere
1249 1995 1280 2050 et
1301 1986 1335 2049 in
1356 1983 1469 2050 ordine
1495 2008 1566 2068 suo,
1593 1988 1669 2051 sicut

247 2087 309 2151 sibi
337 2087 513 2149 iniunctum
541 2085 653 2168 fuerit,
682 2085 882 2172 praedicare.
924 2085 1007 2150 Item
1028 2084 1172 2150 volentes
1198 2084 1399 2172 praedicare,
1427 2085 1594 2172 principia
1619 2094 1669 2150 aut

208 2185 428 2272 toposieiones
458 2207 517 2270 pro
545 2184 669 2249 actibus
692 2183 820 2272 publice
848 2184 965 2265 faeere,
995 2193 1143 2248 tenentur
1170 2184 1262 2271 prius
1288 2205 1462 2266 sermones,
1491 2185 1668 2271 posiciones

248 2292 279 2347 et
307 2284 469 2370 principia
495 2284 660 2368 magistris
692 2282 871 2348 senioribus
902 2292 933 2347 et
958 2283 1139 2347 iunioribus
1166 2282 1209 2348 ad
1239 2279 1466 2368 corrigendum
1496 2283 1669 2348 ostendere.

246 2384 327 2448 Item
360 2381 579 2462 hamularius,
617 2380 863 2469 praedicaturus
895 2380 938 2446 ad
969 2380 1107 2465 clerum,
1143 2391 1267 2447 tenetur
1301 2403 1483 2446 sermonem
1516 2404 1610 2447 sunm
1639 2386 1667 2448 in

248 2483 369 2568 scripto
399 2479 478 2545 dare
505 2480 660 2545 facultati.
702 2480 781 2545 Item
803 2478 868 2568 [δῦ]
893 2479 1096 2546 baccalarius
1125 2503 1338 2568 responsurus
1364 2488 1493 2545 tenetur
1517 2483 1666 2568 magistro

249 2604 315 2663 suo,
339 2602 397 2666 pro
420 2602 458 2643 eo
480 2577 694 2664 disputatura,
717 2578 887 2644 duodecim
911 2579 1022 2645 titulos
1042 2579 1093 2644 vel
1116 2579 1234 2667 plures,
1257 2587 1293 2643 nt
1314 2601 1356 2643 ex
1378 2581 1425 2644 eis
1447 2580 1512 2646 sibi
1534 2581 1667 2667 aliquem

207 2679 430 2766 bOplaccntem
453 2676 561 2763 eligat,
588 2688 814 2764 praesentare3
837 2681 863 2743 si
884 2688 992 2743 autem
1013 2677 1119 2742 nullus
1143 2700 1253 2743 eorum
1276 2677 1339 2742 sibi
1359 2677 1536 2764 placuerit,
1557 2691 1667 2745 extunc

249 2779 404 2865 magister
425 2779 570 2862 assignet
590 2775 775 2842 baccalario
798 2800 895 2841 unum
916 2777 1044 2843 titulum
1073 2799 1146 2841 cum
1175 2777 1374 2862 argumentis
1404 2799 1465 2864 pro
1487 2790 1519 2844 et
1547 2792 1666 2862 eontra3

249 2889 280 2942 et
304 2876 506 2941 baccalarius
531 2885 657 2940 tenetur
687 2875 746 2940 sibi
770 2877 833 2962 ipsi
861 2876 900 2941 de
928 2877 1092 2963 posicione
1117 2875 1299 2962 providere,
1329 2898 1395 2963 qua
1422 2876 1538 2943 habite
1562 2888 1594 2944 et
1616 2901 1666 2965 per

249 2980 439 3062 magistrum
461 2998 554 3041 suurn
576 2974 717 3062 probata
738 2973 873 3040 eandem
890 2976 1055 3061 magistris
1077 2976 1196 3039 seniori
1219 2983 1251 3039 et
1272 2976 1391 3040 iuniori
1413 2976 1582 3060 ostendat3
1603 3000 1665 3042 con·

253 3085 423 3163 sequenter
445 3084 476 3137 et
493 3083 667 3161 postquam
689 3096 748 3160 per
770 3096 824 3138 eos
846 3072 985 3160 probata
1006 3074 1112 3156 fuerit,
1132 3082 1209 3137 tunc
1229 3072 1334 3138 denuo
1352 3075 1511 3160 magistro
1533 3075 1666 3163 disputa·

209 3184 322 3239 toturo
346 3172 434 3237 dicta
456 3173 583 3259 posieio
606 3182 839 3259 praesentetur,
871 3175 926 3260 qui
947 3166 1102 3257 magister
1124 3182 1322 3258 argmnenta,
1352 3194 1437 3260 quae
1463 3175 1603 3240 intendit
1621 3175 1665 3240 de·

251 3273 376 3347 ducere,
404 3269 589 3336 baccalario
612 3293 807 3358 responsuro
829 3270 1051 3357 praesentabit
1073 3281 1105 3336 et
1130 3270 1305 3337 abeodem
1328 3294 1345 3336 e
1366 3294 1526 3338 converso
1547 3296 1665 3362 respon·

251 3373 372 3437 sionem
402 3372 552 3456 recipiet,
586 3379 698 3435 eontra
729 3392 826 3455 quam
856 3371 971 3435 iterato
1004 3369 1191 3457 replicabit3
1223 3380 1255 3435 et
1289 3371 1335 3434 sic
1366 3381 1609 3460 consequenter,
1637 3385 1664 3436 ut

251 3472 352 3556 prius,
384 3469 589 3556 procedatur.
631 3469 723 3550 Item,
754 3468 979 3555 disputacione
1008 3468 1114 3550 finita,
1144 3469 1344 3556 respondens
1374 3470 1483 3535 mittat
1510 3473 1663 3557 magistro,

251 3571 304 3654 qui
334 3591 392 3655 pro
422 3591 458 3632 co
486 3568 679 3654 disputavit,
707 3591 805 3632 unam
833 3577 980 3653 quartam
1002 3568 1070 3631 vini
1097 3565 1206 3652 gallici
1230 3567 1281 3632 vel
1302 3570 1371 3633 vini
1399 3568 1553 3634 melioris.
1594 3571 1663 3635 Item

208 3666 357 3733 30nullus
387 3668 617 3730 sentenciarius
650 3676 706 3730 aut
735 3689 848 3731 cursor
880 3667 913 3729 in
946 3664 1108 3751 theologia
1139 3664 1235 3730 dehet
1264 3665 1373 3753 legere
1401 3669 1437 3731 in
1466 3669 1580 3734 eadem
1609 3668 1663 3733 illis

251 3766 376 3846 diebus,
408 3764 523 3849 quibus
552 3764 648 3829 fuerit
675 3772 765 3828 actus
793 3762 928 3829 celebris
956 3765 989 3827 in
1016 3763 1188 3849 theologia,
1210 3774 1296 3851 puta
1321 3766 1452 3852 quando
1477 3769 1550 3853 quis
1575 3770 1663 3854 magi·

252 3875 390 3929 strorum
412 3862 591 3949 disputavit
613 3872 669 3926 aut
690 3886 749 3949 pro
770 3862 878 3951 aliquo
902 3863 1007 3928 aulam
1030 3859 1061 3949 [7
1069 3860 1095 3951 ¹]
1115 3864 1226 3946 tenuit,
1246 3864 1298 3928 vel
1318 3867 1421 3930 eciam
1445 3868 1576 3954 quando
1595 3869 1665 3932 fiunt

252 3964 413 4050 principia
435 3985 493 4047 per
516 3963 747 4026 sentenciarios
769 3971 823 4026 aut
847 3984 1003 4027 cursores.
1042 3963 1124 4027 Item
1145 3966 1309 4050 magister,
1338 3976 1511 4053 postquam
1533 3967 1663 4055 disputa·

251 4064 312 4143 vit,
343 4071 468 4126 tenetur
497 4061 694 4148 posicionem
726 4083 817 4125 suam
847 4083 919 4127 cum
949 4064 1146 4147 argumentis
1176 4063 1298 4129 decano
1329 4064 1496 4130 facultatis
1526 4089 1663 4153 praeseu-

208 4173 241 4227 35
253 4173 321 4225 tare
343 4172 400 4225 etc.

251 4336 279 4393 7.
302 4344 450 4392 RUBRICA
470 4345 517 4391 DE
539 4345 632 4411 ILLO,
655 4347 714 4406 Qul
734 4347 865 4394 FINIVIT
881 4344 1028 4412 CURSUM,
1048 4344 1225 4392 RESPECTU
1244 4346 1409 4394 aarum
1429 4348 1663 4399 Paouoclorus

332 4477 506 4563 Postquam
536 4478 608 4564 quis
636 4501 763 4542 cursum
791 4478 946 4560 finiverit,
969 4476 1100 4542 vacabit
1126 4500 1184 4565 per
1211 4501 1309 4542 unum
1332 4501 1464 4561 annum,
1492 4483 1528 4547 in
1549 4505 1607 4569 quo
1627 4480 1662 4545 ad

248 4574 420 4661 legendum
442 4577 623 4640 sentencias
645 4576 816 4663 diligenter
838 4601 872 4641 se
894 4586 1077 4664 praeparet.
1121 4577 1338 4643 Nihilominus
1360 4589 1470 4644 tamen
1492 4591 1568 4647 tune
1588 4591 1662 4646 tene-

250 4685 301 4739 tur
324 4674 426 4740 scolas
449 4674 647 4761 theologicas
671 4686 702 4741 et
723 4685 815 4764 actus
834 4675 1031 4760 theologicos
1054 4676 1196 4740 visitare.

209 4883 242 4937 40
317 4880 346 4942 8·
370 4892 416 4938 Da
439 4892 613 4940 MAGISTRO
635 4892 870 4940 PROMOVIINTE
893 4891 1076 4940 CURSOREM
1095 4893 1141 4940 AD
1164 4892 1357 4941 haesurum
1378 4894 1599 4945 annularem.

333 5022 499 5109 Magister,
530 5024 640 5090 volens
674 5022 812 5108 aliquem
845 5035 1054 5110 praesentare
1082 5024 1124 5091 ad
1151 5024 1323 5113 legendum
1354 5031 1554 5114 sentencias,
1581 5036 1657 5116 petat

253 5120 316 5187 sibi
338 5125 625 5209 congregacionem
644 5124 714 5189 fieri
734 5146 793 5210 per
815 5122 972 5188 decanum
993 5125 1079 5190 infra
1098 5148 1241 5192 mensem
1268 5127 1458 5212 proximum
1480 5139 1556 5197 ante
1574 5149 1654 5194 vaca·
