3756 6158
587 487 638 537 Dis
655 487 836 538 Reformation
855 502 918 538 vom
935 487 1018 537 Jahra
1040 492 1112 538 1502.
1497 485 1537 547 27

101 676 227 732 autores
250 667 433 756 deputatos
454 676 486 732 et
505 690 565 755 per
593 669 838 733 universitatem
865 671 901 733 in
927 669 1092 735 futurum¹
1121 667 1307 755 specialiter
1337 667 1370 730 in
1401 664 1536 752 singulis

108 765 353 832 mutacionibus
378 766 581 854 deputandos
602 767 700 832 fuerit
720 769 896 832 convictus.

188 965 278 1047 Quia
297 989 376 1032 vero
398 966 483 1031 banc
506 966 727 1053 supradictam
753 968 975 1031 universitatis
988 967 1179 1053 Lipzcensis
1190 965 1452 1030 reformationem
1467 964 1536 1028 Nos

108 1063 330 1149 Georgius,
351 1063 404 1128 dei
433 1066 542 1150 gratia
564 1064 631 1129 dux
654 1062 834 1146 saxoniae,
867 1067 997 1130 nomine
1018 1065 1153 1130 illustris
1176 1065 1334 1150 principis
1360 1072 1393 1129 et
1414 1063 1537 1128 domini

107 1161 290 1245 Alberti,
313 1163 470 1249 genitoris
491 1164 612 1245 nostri,
634 1163 721 1228 dicto
744 1162 876 1228 domino
897 1173 1008 1229 nostro
1032 1174 1066 1229 et
1085 1165 1205 1245 amico,
1228 1163 1357 1227 domino
1380 1161 1535 1244 Tiloni,
1562 1170 1578 1225 t

109 1261 159 1326 dei
180 1270 213 1326 et
233 1261 434 1350 apostolicae
458 1261 544 1327 sedis
567 1264 675 1348 gratia
696 1263 848 1348 episcopo
876 1261 1153 1347 Merssburgeusi,
1183 1261 1289 1325 dictae
1311 1269 1442 1325 nostrae
1467 1261 1537 1325 uni·

107 1362 272 1425 versitatis
294 1358 487 1426 cancellario
516 1369 547 1426 et
571 1362 794 1426 conservatori
816 1360 1006 1447 apostolico,
1028 1363 1075 1426 uti
1102 1362 1315 1446 praemissum
1329 1370 1387 1442 est,
1410 1360 1536 1446 ageni·

110 1468 177 1523 tore
203 1469 317 1525 nostro
345 1469 377 1524 et
404 1458 499 1523 nobis
529 1460 751 1542 commissam,
777 1459 843 1545 logi
869 1459 1051 1525 audivimus
1074 1482 1208 1547 eamque
1234 1460 1268 1523 in
1290 1459 1441 1524 omnibus
1472 1459 1538 1522 suis

111 1559 238 1644 punctis
259 1568 292 1622 et
314 1556 459 1623 articulis
482 1559 664 1622 examinari
692 1559 827 1623 fecimus
853 1558 1102 1646 honestamque,
1131 1557 1258 1640 utilem,
1286 1566 1478 1644 oportunam
1508 1568 1540 1622 et

112 1654 340 1722 rationabilem
371 1657 570 1741 reperimus:
605 1666 804 1744 quapropter
833 1656 968 1722 eandem
996 1657 1184 1721 admisimus
1199 1653 1244 1721 'et
1271 1655 1476 1721 laudavimus
1505 1665 1537 1720 et
1547 1666 1580 1721 10

113 1776 168 1842 per
190 1764 381 1841 praesentes
401 1753 610 1837 admittimus,
633 1754 802 1819 laudamus
825 1765 857 1819 et
878 1755 919 1820 ab
941 1755 1088 1821 omnibus
1111 1764 1143 1820 et
1165 1754 1300 1840 singulis
1320 1763 1451 1820 nostrae
1468 1757 1538 1820 uni-

113 1853 276 1918 versitatis
299 1852 507 1940 supradictae
537 1852 651 1919 incolis
681 1853 913 1918 inviolabiliter
940 1854 1110 1919 observari
1136 1852 1294 1918 volumus.
1348 1853 1476 1919 Idcirco
1503 1855 1538 1919 in

115 1953 255 2016 omnium
276 1952 309 2016 et
328 1950 530 2037 singulorum
562 1950 695 2016 evidens
726 1953 945 2018 testimonium
958 1943 1114 2040 'sigillum
1140 1960 1286 2016 nostrum
1312 1951 1538 2037 praesentibus
1586 2030 1592 2043 Ι

114 2050 230 2115 litteris
252 2050 396 2138 appendi
417 2051 580 2115 iussimus.

193 2148 238 2213 Et
258 2171 319 2214 noa
341 2148 447 2231 Tilo,
470 2148 523 2213 dei
544 2158 576 2213 et
597 2148 795 2235 apostolicae
817 2151 903 2215 sedis
925 2152 1033 2236 gratia
1054 2151 1227 2237 episcopus
1246 2147 1579 2235 Merssburgeusis,15

115 2246 219 2314 diotae
238 2248 459 2312 universitatis
469 2247 662 2334 Lipzcensis
677 2247 890 2314 cancellarius
911 2252 1025 2319 unicus
1046 2259 1078 2314 et
1099 2257 1309 2314 conservator
1330 2247 1537 2334 apostolicus,

116 2346 310 2413 antedictam
330 2346 426 2412 nobis
452 2348 658 2411 commissam
686 2357 718 2412 et
739 2345 881 2412 oblatam
908 2351 1192 2433 examinatamque
1218 2349 1440 2412 universitatis
1460 2347 1538 2433 Lip-

117 2447 239 2511 caensis
272 2445 535 2511 reformationem
563 2446 597 2509 in
626 2445 775 2511 omnibus
804 2447 870 2510 suis
892 2448 1022 2534 punctis
1049 2457 1081 2511 et
1105 2444 1250 2511 articulis
1276 2448 1373 2512 etiam
1401 2447 1539 2511 auctori·

115 2553 179 2610 tate
199 2543 383 2633 apostolica
403 2543 635 2631 approbamus,
658 2545 856 2609 ratificamus
878 2555 910 2609 et
925 2546 966 2610 ab
984 2544 1132 2611 omnibus
1153 2544 1298 2611 eiusdem
1317 2546 1539 2610 universitatis

118 2643 292 2730 suppositis
322 2644 513 2707 inconcusse
545 2642 784 2709 observandam
821 2653 852 2707 et
885 2645 1058 2709 tenendam
1089 2666 1150 2731 per
1186 2651 1374 2730 praesentes
1410 2645 1578 2730 pariter20

116 2740 315 2806 roboramus.
366 2740 575 2827 Quapropter
593 2752 782 2830 praesentes
797 2740 923 2806 litteras
936 2743 1174 2811 reformationis
1197 2740 1305 2828 sigillo
1328 2751 1439 2807 nostro
1453 2764 1539 2809 com·

117 2839 231 2905 muniri
252 2839 519 2905 demandavimus
529 2839 551 2902 ².

196 2938 323 3003 Datum
352 2949 384 3003 et
410 2948 517 3003 actum
544 2939 578 3001 in
611 2945 717 3002 castro
745 2939 920 3025 Lipzcensi
948 2963 1032 3004 anno
1055 2962 1075 3004 a
1096 2941 1266 3004 nativitate
1294 2940 1417 3004 domini
1435 2940 1540 3006 nostri

119 3038 186 3102 lesu
209 3036 334 3102 Christi
353 3037 1057 3125 millesimoquadringentesimononagesimo
1088 3049 1201 3122 sexto,
1229 3039 1281 3104 die
1303 3038 1456 3122 Veneris,
1483 3039 1537 3103 de·

121 3139 198 3201 eima
221 3145 340 3202 octava
359 3135 480 3202 mensis
502 3134 666 3201 Octobris.
1548 3145 1581 3201 2⁵

461 3506 486 3557 6.
503 3504 572 3554 Dus
592 3503 756 3556 HERZOGS
775 3504 897 3557 GEOBG
915 3505 1174 3557 REFORMATION

639 3603 701 3638 vom
721 3589 744 3641 8.
763 3589 913 3640 November
933 3589 1026 3642 1502.³

173 3736 224 3802 Zu
244 3697 413 3817 mercken,
441 3735 502 3799 wie
524 3734 613 3799 disse
633 3734 773 3801 lobliche
794 3737 985 3804 universitet
1004 3736 1089 3802 alhic
1110 3760 1150 3801 zu
1173 3736 1312 3823 Leipzig
1333 3737 1367 3800 in
1389 3736 1474 3801 allen

538 3833 711 3899 faculteten
734 3834 782 3900 sol
800 3836 964 3901 reformirt
983 3836 1121 3901 werden.

342 4000 392 4048 ΑΗ
411 3999 548 4048 ERSTEN
569 4001 628 4049 DIE
650 4001 833 4051 FACULTET
855 4005 926 4052 DER
947 4003 1114 4052 asmona
1137 4003 1313 4052 scHRIFrT.
1547 3993 1581 4049 ³0

196 4111 366 4179 Naelrdem
394 4110 453 4177 der
479 4110 629 4178 doctores
658 4113 716 4178 der
741 4115 884 4202 hailigen
914 4117 1039 4182 scbrifft
1067 4118 1123 4180 inn
1157 4117 1309 4201 geringer
1342 4114 1393 4178 nal
1420 4114 1539 4199 kegan·

121 4214 228 4298 vortig
248 4232 339 4298 seyn,
363 4208 504 4275 sondern
527 4210 595 4275 sich
616 4234 680 4276 ann
702 4213 826 4278 andern
848 4215 942 4298 endu,
965 4215 1007 4279 do
1025 4217 1072 4280 sie
1094 4215 1176 4279 auch
1197 4217 1226 4277 ir
1239 4211 1538 4300 gewo'nlichweren

122 4310 262 4376 rubabsn
280 4309 541 4395 furgenommen,
561 4310 739 4394 enthalten,
762 4313 829 4377 und
849 4313 933 4378 doch
955 4316 1014 4378 mit
1037 4313 1199 4400 pfriinden
1228 4335 1293 4377 von
1323 4311 1381 4376 der
1410 4314 1536 4376 univer-

120 4410 188 4474 sitet
205 4407 368 4473 vorssben
389 4406 469 4473 oder
491 4418 621 4474 sonsten
644 4410 819 4476 salariaten
841 4436 934 4499 seyn:
966 4414 1009 4476 ist
1030 4412 1212 4477 betrachtet
1237 4411 1305 4476 und
1326 4411 1378 4475 fur
1399 4419 1457 4495 gut
1479 4433 1533 4475 an·

182 4627 193 4677 l
217 4620 385 4678 Undeutlich
405 4621 461 4676 und
478 4638 609 4694 ungenau
626 4624 813 4694 geschrieben.

181 4710 197 4761 2
214 4704 303 4759 Beide
316 4703 410 4776 Siegsl
425 4704 488 4759 sind
508 4705 581 4761 noch
601 4707 735 4776 erhulten,
752 4728 805 4763 nur
817 4711 868 4767 das
881 4708 1062 4765 bischdssiche
1074 4710 1103 4763 in
1113 4708 1234 4763 mshrere
1244 4706 1348 4763 Stiiclre
1360 4707 1536 4763 zerbrochen.

177 4788 273 4842 3Das
294 4786 422 4859 Original
440 4789 477 4843 iat
495 4789 627 4846 verloren.
663 4792 810 4849 Abscbrift
826 4794 876 4848 hat
892 4794 951 4849 sich
970 4793 1095 4849 erhalten
1114 4793 1153 4847 im
1177 4790 1366 4863 Copiulbuche
1385 4790 1434 4845 der
1450 4791 1538 4861 philo-

121 4871 280 4942 sputamen
297 4869 429 4927 Faenus
446 4871 474 4928 S.
491 4876 540 4928 367
560 4874 611 4928 mit
628 4877 678 4931 der
695 4876 899 4934 Ueberschrift:
923 4879 1013 4949 Copia
1031 4878 1129 4932 vctmir
1146 4877 1357 4948 refornmtt'ouia
1373 4876 1536 4929 uniemu-

121 4955 151 5009 tr'r
167 4956 243 5010 acius
261 4955 400 5025 originale
423 4957 575 5012 conductus
599 4960 629 5011 in
647 4961 719 5027 fisco
742 4962 865 5015 rectoria.
885 4963 937 5016 Ao.
960 4967 1032 5016 1502.
1068 4961 1132 5032 Vgl.
1150 4959 1287 5016 Urkundl.
1306 4958 1422 5024 Quellen
1440 4957 1467 5013 S.
1489 4964 1537 5014 779

122 5037 180 5094 Nm.
201 5044 239 5094 10.
274 5039 346 5093 Eine
367 5038 514 5094 Absehrift
537 5041 636 5096 hievon
656 5043 684 5095 in
705 5043 733 5099 J.
750 5044 778 5099 J.
802 5046 913 5115 Vogel's
937 5044 1072 5099 Annalen.
1108 5044 1172 5115 Vgl.
1200 5044 1268 5099 Urk.
1288 5043 1377 5108 Quell.
1396 5041 1424 5096 S.
1443 5047 1492 5096 613
1511 5060 1537 5096 u

123 5126 173 5178 889.
207 5123 267 5179 Der
282 5121 414 5193 Eingeng
431 5121 540 5180 scheint
556 5142 591 5179 ru
608 5125 709 5181 fehlen.
