3756 6158
254 492 316 560 292
807 494 862 547 Das
879 494 1004 548 Pauliner
1021 493 1125 560 colleg.

256 698 345 762 pore,
372 679 462 742 cuius
484 678 656 741 autoritate
683 678 781 744 etiam
809 679 881 746 loca
907 681 1057 768 publicae
1079 679 1245 745 doetrinae
1271 677 1406 763 singulis
1427 676 1479 741 his
1505 675 1673 764 professio

256 775 351 840 nibus
372 776 634 861 assignabuntur.

338 874 429 955 Quae
451 875 632 963 quibusque
653 879 820 964 assignata
850 887 958 962 erunt,
988 901 1028 944 ea
1048 880 1155 965 quiete
1182 887 1214 942 et
1241 875 1377 963 pacifice
1398 873 1555 940 tenebunt
1575 895 1673 960 neque

254 983 372 1037 temere
391 973 586 1040 audacterve
607 973 713 1042 aliena
735 976 950 1063 occupabunt

212 1082 227 1136 5
336 1073 492 1137 Famnli
514 1073 557 1138 ad
578 1097 722 1140 mensam
743 1098 943 1147 communem
965 1076 1069 1142 additi
1090 1077 1255 1162 magistris
1277 1084 1414 1159 quatuor
1435 1072 1592 1139 obedient
1610 1074 1673 1137 sine

255 1174 466 1237 recusatione.
503 1172 629 1238 Horum
652 1175 796 1261 quisque,
818 1198 889 1240 cum
910 1177 1094 1262 recipietur,
1116 1176 1283 1262 promittet
1300 1175 1342 1256 ei,
1370 1176 1461 1239 cuius
1482 1183 1552 1238 tum
1571 1174 1672 1237 trime·

253 1273 331 1335 stris
355 1273 479 1337 curatio
501 1274 576 1355 erit,
606 1295 641 1339 se
663 1275 893 1360 praestiturum
912 1274 1050 1342 fideliter
1072 1297 1121 1357 ea,
1148 1295 1231 1362 quae
1252 1274 1318 1338 suis
1339 1272 1502 1358 capitibus
1529 1273 1673 1359 exposita

253 1379 442 1457 sequuntur:
986 1420 988 1425 .

334 1469 491 1553 Primum,
511 1468 594 1536 velle
614 1493 659 1555 se,
679 1479 833 1560 quantum
848 1475 961 1560 possit,
981 1472 1138 1562 prodesse
1158 1472 1380 1538 communitati
1400 1469 1542 1559 collegii,
1562 1492 1672 1538 nocere

213 1569 407 1633 toscientem
427 1568 514 1635 nullo
537 1568 643 1635 modo.

335 1666 495 1753 Secundo,
524 1668 567 1734 ad
596 1671 704 1736 omnia
731 1670 878 1757 legitima
907 1672 997 1736 iussa
1025 1670 1190 1758 magistris
1222 1679 1359 1755 quatuor
1387 1679 1419 1736 et
1447 1669 1612 1757 imprimis
1638 1671 1671 1750 ei,

252 1768 341 1832 cuius
361 1769 532 1833 trimestris
552 1771 676 1835 curatio
698 1767 859 1856 generalis
879 1770 988 1854 fuerit,
1010 1779 1142 1857 praesto
1163 1790 1243 1833 esse.

334 1866 456 1951 Tertio,
484 1869 519 1932 in
548 1869 635 1933 omni
662 1869 795 1936 servitio
824 1892 882 1935 suo
912 1862 1011 1959 inque
1041 1869 1113 1936 cibo
1144 1890 1183 1934 ae
1211 1877 1290 1955 potu
1318 1866 1463 1951 emendo,
1492 1865 1670 1947 deferendo,

251 1964 462 2031 custodiendo
482 1968 624 2052 itemque
645 1968 762 2034 ceteris
790 1970 824 2033 in
852 1969 950 2036 rebus
979 1968 1022 2034 ad
1052 1991 1146 2036 usum
1168 1967 1362 2033 necessariis
1384 1966 1508 2033 nullam
1529 1965 1670 2033 fraudem

212 2075 409 2151 ttusurpare
429 2087 533 2154 neque
553 2065 653 2132 ullum
675 2067 800 2134 lucrum
821 2091 914 2134 suum
933 2069 1051 2133 facere.

335 2162 469 2248 Quarto,
491 2166 518 2230 si
541 2188 622 2253 quos
645 2165 817 2232 damnosos
838 2188 910 2233 esse
924 2168 1119 2255 compererit
1133 2165 1335 2233 contubernii
1356 2164 1466 2232 domui
1488 2180 1547 2233 aut
1567 2164 1666 2247 rebus,

251 2264 310 2329 hos
331 2263 475 2329 indicare
496 2273 529 2329 et
549 2264 703 2330 damnum
725 2265 947 2331 demonstrare
969 2289 1010 2332 ex
1030 2266 1195 2351 magistris
1217 2276 1354 2354 quatuor
1371 2266 1427 2330 uni
1447 2264 1644 2352 pluribusve.

334 2361 489 2428 Famulus
511 2373 628 2446 autem,
657 2365 747 2430 cuius
769 2363 847 2429 fidei
874 2364 982 2431 claves
1011 2364 1140 2431 aedium
1161 2365 1409 2447 committentur,
1438 2364 1522 2430 baec
1543 2365 1669 2450 insuper

251 2472 360 2527 sancte
388 2464 565 2548 promittat,
593 2463 677 2529 velle
706 2487 740 2529 se
762 2462 933 2550 diligenter
955 2474 987 2530 et
1008 2486 1081 2530 cum
1102 2463 1166 2529 fide
1183 2464 1332 2551 tempore
1353 2463 1527 2552 praefinito
1548 2461 1669 2529 sedium

208 2561 335 2625 rosor-es
355 2559 525 2626 occludere
546 2571 643 2648 atque
663 2584 820 2647 reserare,
843 2572 981 2652 postque
1000 2563 1074 2629 illas
1095 2562 1240 2630 occlusas
1257 2572 1354 2651 atque
1371 2572 1538 2628 reseratas
1550 2560 1668 2628 elaves¹

249 2662 416 2745 magistro,
438 2662 490 2724 cui
512 2660 653 2746 debebit,
677 2664 711 2727 in
732 2685 847 2730 manus
874 2663 1005 2729 tradere
1032 2662 1094 2747 vol,
1122 2665 1151 2727 si
1179 2663 1208 2727 is
1237 2663 1320 2728 forte
1349 2660 1451 2746 absit,
1480 2664 1550 2728 eius
1573 2662 1668 2726 vicem

249 2761 384 2844 gerenti,
404 2781 445 2825 ne
468 2762 520 2824 cui
539 2763 682 2846 egressio
704 2764 906 2847 ingressisve
925 2772 1038 2850 pateat
1059 2762 1164 2828 alieno
1183 2771 1338 2848 tempore.

330 2857 458 2923 Placuit
485 2861 696 2927 communiter
722 2861 829 2927 cibum
856 2861 1058 2950 capientibus
1088 2861 1265 2946 adiungere
1291 2859 1528 2926 adolescentem
1557 2858 1669 2925 studio

249 2981 321 3024 sum
343 2967 375 3023 et
395 2956 544 3045 probum,
573 2960 773 3046 qui-interea
793 2959 925 3048 aliquod
952 2962 1075 3027 recitet
1117 2959 1183 3025 Hic
1200 2958 1324 3043 eadem,
1352 2980 1435 3047 quae
1456 2957 1572 3024 famuli
1591 2980 1669 3023 eom·

205 3058 424 3140 25munitatis,
448 3057 614 3144 promittet
636 3069 668 3124 et
687 3061 822 3147 insuper
840 3060 912 3144 hoc,
934 3059 1104 3127 lectionem
1128 3059 1242 3145 scripti
1264 3059 1432 3144 assignati,
1453 3079 1562 3146 neque
1580 3055 1669 3123 allius

247 3158 391 3239 alterius,
414 3180 447 3222 se
468 3179 595 3246 quoque
616 3166 762 3247 tempore
784 3170 935 3226 accurate
957 3168 990 3225 et
1011 3159 1121 3225 sedulo
1142 3158 1259 3246 exequi
1280 3157 1372 3223 velle.
1394 3157 1469 3224 Hae
1489 3158 1669 3246 promissio

247 3280 305 3323 nes
338 3257 474 3343 singilis
505 3256 713 3323 semestribus
749 3259 784 3323 in
815 3257 1014 3325 sollennibus
1042 3257 1297 3346 inspectionibus
1329 3258 1483 3324 renovari
1515 3265 1668 3346 poterunt.

248 3359 364 3423 Visum
386 3367 419 3421 ct
446 3356 508 3423 hoe
534 3355 726 3441 faciendum,
753 3366 791 3422 ut
817 3359 967 3444 magistri
995 3366 1132 3445 quatuor
1154 3355 1334 3443 deligerent
1353 3378 1455 3423 unum
1476 3378 1520 3424 ex
1538 3355 1668 3438 lunulis,

248 3457 301 3544 qui
323 3457 506 3543 praefectus
529 3466 615 3521 esset
634 3457 926 3524 vexationibus
946 3479 1141 3524 novorum
1163 3478 1230 3538 seu,
1251 3467 1287 3521 ut
1303 3466 1431 3541 vocant,
1453 3456 1667 3545 depositio·

206 3554 384 3638 30nibus,
416 3557 544 3643 siquas
568 3554 611 3620 ad
634 3577 818 3620 communes
840 3557 953 3644 epulas
974 3556 1045 3621 ficri
1067 3556 1250 3644 placuisset
1290 3555 1415 3621 Hicin
1442 3577 1481 3621 eo
1510 3555 1593 3641 loco,
1618 3553 1666 3620 ubi

248 3656 460 3721 communiter
481 3654 573 3719 cibus
595 3657 750 3742 capietur,
771 3665 917 3743 tempore
938 3654 1069 3743 prandii
1090 3676 1250 3722 coenaeve
1271 3678 1344 3720 cum
1364 3655 1568 3721 tenuioribus
1587 3653 1665 3720 illan

248 3755 484 3842 depositionem
503 3752 545 3817 de
566 3775 656 3818 more
676 3765 828 3841 peragat,
856 3778 952 3843 quam
973 3754 1104 3820 minime
1123 3754 1296 3822 barbarico
1319 3753 1459 3819 tumultu
1477 3776 1583 3844 neque
1602 3752 1665 3842 plus

248 3879 268 3920 a
290 3876 416 3939 quoque
437 3853 562 3919 duobus
584 3854 709 3939 grossis
730 3853 893 3919 exhibeat.
934 3854 1008 3921 Hoc
1035 3863 1143 3919 tamen
1171 3852 1243 3918 fieri
1270 3852 1367 3919 debet
1396 3853 1522 3921 sciente
1547 3863 1580 3920 et
1602 3873 1664 3940 per

248 3956 394 4019 mittente
416 3974 453 4017 eo
478 3953 645 4039 magistro,
668 3953 758 4018 euius
779 3961 848 4018 tum
871 3955 995 4019 curatio
1018 3955 1191 4019 trimestris
1212 3953 1282 4017 erit.

205 4063 238 4119 35
329 4052 392 4117 His
413 4053 570 4138 expositis
597 4060 708 4135 restat,
734 4060 771 4117 ut
791 4052 946 4141 deinceps
976 4053 1066 4139 leges
1093 4073 1390 4135 commemoremus,
1419 4052 1539 4140 quibus
1563 4070 1661 4118 omnes

189 4197 198 4212 ,
247 4161 279 4217 et
306 4150 425 4236 singuli
451 4150 546 4215 huius
567 4148 696 4236 collegii
721 4150 857 4235 incolae,
878 4152 1049 4239 magistri,
1077 4150 1228 4239 discipuli
1255 4160 1353 4239 atque
1372 4153 1481 4218 cuncti
1508 4152 1609 4219 teneri
1634 4168 1660 4215 se

247 4253 330 4316 seire
350 4248 479 4314 debent.
500 4247 569 4312 Eas
592 4258 624 4313 et
643 4250 734 4336 ipsas
757 4249 871 4317 ordine
893 4250 1110 4317 subiiciemus.
1175 4264 1178 4273 '

402 4432 449 4479 nn
469 4431 635 4492 quernos
656 4432 839 4483 nectemus
861 4433 1075 4483 rnnanncms
1097 4432 1334 4484 contusarum
1355 4430 1526 4487 sabama*

880 4553 989 4616 Caput
1007 4552 1028 4603 1.

204 4679 237 4735 to
331 4664 479 4747 Quatuor
498 4663 656 4751 magistri,
678 4666 857 4752 praepositi
879 4667 1037 4732 curationi
1060 4668 1222 4732 communi
1242 4668 1276 4732 in
1297 4667 1508 4736 contubernio
1525 4667 1654 4745 Paulino,

327 4765 473 4829 Primum
495 4764 561 4827 sint
580 4765 643 4827 viri
663 4762 749 4848 boni,
772 4766 904 4850 pietatis
926 4764 1072 4849 studiosi,
1095 4775 1256 4831 amatores
1269 4768 1429 4853 veritatis,
1451 4768 1549 4834 alieni
1564 4786 1653 4855 apro·

245 4867 379 4931 sanitate
400 4872 433 4929 et
460 4860 752 4949 superstitionibus.
794 4862 973 4950 Religionis
995 4886 1093 4930 verae
1121 4863 1335 4951 intelligentia
1356 4877 1389 4932 ct
1409 4860 1651 4957 approbationi

245 4965 296 5029 his
322 4964 462 5051 primum
483 4965 644 5049 exigatur,
667 4960 784 5027 deinde
804 4963 891 5029 vitae
919 4964 1090 5049 integritas
1112 4973 1144 5028 et
1173 4987 1298 5030 mamm
1326 4966 1488 5053 probitas,
1513 4980 1550 5033 ut
1572 4962 1651 5031 disti·

324 5151 335 5202 l
353 5146 443 5202 claves
461 5143 531 5200 seblt
549 5145 605 5199 und
623 5104 799 5215 serpsitque
814 5143 889 5199 steht
901 5152 1050 5215 postquam
1065 5145 1256 5217 geschriebcn.
