3756 6158
235 463 276 528 80
714 458 765 539 Die
782 456 901 508 Statnten
920 473 980 508 vom
999 458 1082 509 Jahrs
1100 444 1173 522 ΜΒ,

235 638 373 706 fidehter
393 645 487 702 etex
508 659 568 702 usu
587 638 806 704 universitatis
828 638 1040 705 scholasticae
1060 637 1249 724 dispensare
1268 647 1316 722 et,
1344 638 1372 703 si
1393 636 1472 726 quid
1491 636 1649 724 reliquum

235 741 341 822 fuerit,
362 759 554 803 conservare
573 737 659 802 velit.

319 836 437 917 Sexto,
465 834 552 921 quod
571 837 731 925 integrum
756 859 915 919 mensem,
942 859 983 902 ex
1011 859 1073 925 quo
1099 839 1291 924 magistratu
1317 836 1449 919 abierit,
1475 835 1510 899 in
1531 833 1650 922 oppido

233 936 397 1027 Lipsiensi
410 957 577 1001 remanere
597 946 630 1002 et
648 935 826 1025 postulatus
846 936 967 1002 iudicio
987 958 1022 1002 se
1042 937 1158 1002 sistere
1177 946 1219 1018 et,
1239 937 1267 1001 si
1288 958 1352 1024 qua
1371 937 1486 1001 merito
1505 936 1652 1021 irrogata

211 1037 356 1108 smulcta
374 1035 488 1118 fuerit,
515 1035 601 1121 quod
626 1037 823 1102 successoris
849 1036 899 1101 sui
926 1037 960 1101 in
986 1035 1043 1102 illa
1062 1034 1218 1101 solvenda
1242 1036 1340 1100 iussis
1367 1056 1483 1120 perere
1502 1033 1596 1117 velit3
1624 1033 1651 1098 si

232 1148 306 1205 aute
339 1135 477 1215 ,iustam
497 1135 637 1222 aliquam
658 1156 789 1200 causam
810 1137 896 1200 intra
916 1136 1116 1222 praedictum
1135 1145 1262 1222 tempus
1282 1132 1472 1200 discedendi
1491 1131 1651 1214 habuerit,

232 1159 534 1325 quoknstituere
552 1234 630 1300 velit
648 1242 874 1322 procuratores
894 1235 1037 1320 idoneos,
1059 1237 1114 1324 qui
1134 1234 1221 1299 illius
1232 1235 1303 1300 vice
1316 1235 1402 1299 intra
1413 1233 1649 1320 praescriptum

232 1348 359 1424 tempus
378 1333 558 1421 postulari¹
579 1344 611 1399 et
637 1356 825 1400 concessam
844 1333 909 1399 dici
931 1344 962 1400 et
990 1336 1170 1422 iudicatum
1198 1332 1281 1405 solvi
1306 1334 1405 1399 iurati
1424 1354 1509 1399 novo
1527 1331 1645 1396 rectori

232 1437 429 1593 pppmittant

191 1615 223 1670 10
244 1618 251 1631 ²
857 1603 964 1669 Caput
981 1603 1027 1656 VI.

220 1786 236 1821 ὁ,
335 1782 351 1819 ⁰
652 1752 699 1799 DE
720 1750 810 1800 ARCA
830 1752 894 1800 SEU
914 1750 1012 1800 clera
1032 1750 1189 1834 Puefflca.

312 1867 387 1932 Duo
407 1863 662 1952 designabuntur
682 1888 808 1954 quoque
828 1867 984 1950 semestri,
1004 1868 1062 1955 qui
1081 1866 1201 1955 singuli
1221 1865 1365 1954 singulas
1384 1864 1493 1932 claves
1509 1865 1650 1932 habeant

233 1968 276 2034 ad
296 1988 406 2032 arcam
427 1988 483 2030 seu
502 1965 617 2030 cistam
638 1965 818 2053 publicam,
844 1968 940 2032 tertia
959 1977 1065 2031 autem
1088 1968 1190 2033 clavis
1210 1969 1299 2049 (nam
1319 1966 1425 2032 tribus
1446 1988 1576 2053 semper
1596 1963 1649 2031 illa

234 2069 314 2133 seris
334 2066 452 2130 muniri
473 2063 616 2147 debebit)
638 2087 737 2153 penes
756 2076 914 2131 rectorem
934 2067 1005 2131 erit
1035 2066 1074 2132 In
1094 2066 1151 2131 illa
1169 2089 1247 2132 arca
1268 2075 1451 2132 asservetur
1473 2065 1650 2153 repositum

194 2169 339 2234 ttmeius
360 2166 580 2230 universitatis
600 2173 729 2230 nostrae
749 2164 959 2231 scholasticae
980 2166 1126 2252 signum,
1146 2167 1222 2231 item
1242 2164 1417 2254 privilegia
1435 2176 1467 2230 et
1493 2165 1649 2253 pecuniae

233 2265 385 2332 eiusdem.
423 2264 475 2331 Ita
494 2274 601 2330 autem
620 2262 668 2328 illi
685 2264 747 2330 duo
768 2259 925 2351 clavigeri
945 2264 1212 2351 designabuntur,
1240 2275 1275 2331 ut
1301 2288 1343 2331 ex
1371 2264 1497 2330 duabus
1517 2264 1651 2329 nationi·

235 2368 296 2432 bus
318 2364 358 2428 de
385 2362 519 2428 consilio
546 2362 675 2450 publico
701 2362 764 2428 duo
794 2371 826 2429 et
844 2387 921 2429 mox
942 2387 984 2429 ex
1004 2364 1137 2452 reliquis
1158 2365 1283 2431 duabus
1303 2362 1575 2431 nationibusduo
1596 2361 1650 2427 alii

235 2466 405 2551 eligantur,
425 2463 472 2528 sic
492 2461 621 2548 quidam
641 2473 677 2527 ut
695 2464 844 2529 nationes
864 2463 999 2551 singulis
1020 2463 1230 2530 semestribus
1250 2471 1485 2551 permutentur.
1524 2462 1650 2528 Horum

234 2566 370 2650 uterque
388 2562 554 2648 promittet
572 2562 659 2628 bona
678 2562 742 2628 lide
761 2565 890 2646 rectori,
912 2585 956 2645 se,
977 2562 1020 2628 ad
1040 2563 1249 2629 reserandam
1269 2565 1384 2629 cistam
1396 2572 1558 2646 vocatum,
1578 2584 1664 2627 cum.

193 2665 321 2730 toclavi
340 2684 400 2726 sua
420 2662 525 2748 ipsum
546 2670 674 2747 praesto
695 2662 837 2726 futurum
859 2684 945 2746 esse3
974 2664 1024 2727 sin
1051 2661 1113 2729 hoc
1139 2662 1210 2727 fieri
1229 2685 1293 2728 non
1312 2663 1432 2750 possit,
1452 2671 1648 2743 curaturum,

234 2772 269 2828 ut
287 2761 358 2859 lpco
379 2781 436 2825 suo
456 2761 508 2826 vir
527 2758 644 2846 dignus
665 2760 729 2826 lide
749 2783 820 2827 eam
841 2763 966 2846 afferat,
982 2763 1056 2827 sine
1077 2761 1151 2828 dolo
1172 2764 1260 2829 omni
1280 2784 1320 2828 ac
1338 2760 1462 2828 fraude.

858 2963 964 3027 Caput
981 2964 1039 3016 VII.

387 3111 434 3158 DE
456 3108 594 3158 orrlclo
614 3109 783 3159 REO'I'ORIS
803 3111 848 3159 m·
869 3096 941 3160 ΑΙ)2
960 3113 1051 3174 QUAE
1072 3113 1285 3174 EXEQUENDA
1305 3112 1509 3161 'mmmm‘

319 3226 470 3293 Officium
491 3225 625 3290 rectoris
646 3236 695 3290 est
714 3249 825 3292 omnes
844 3229 1066 3294 universitatis
1093 3228 1305 3295 scholasticae
1333 3227 1479 3295 subditos
1508 3229 1592 3293 tueri
1620 3235 1651 3292 et

194 3325 410 3393 25defendere
429 3347 488 3413 pro
509 3323 597 3389 virili
617 3346 676 3389 sua
694 3335 727 3389 et
744 3324 818 3391 illos
839 3336 976 3414 paterna
1002 3329 1167 3395 voluntate
1196 3328 1378 3416 complecti.
1419 3326 1559 3415 Quoque
1584 3349 1650 3413 me7

234 3428 296 3492 lius
316 3434 348 3490 et
368 3427 485 3490 rectius
505 3424 597 3509 fimgi
615 3446 746 3490 munere
765 3429 878 3511 possit,
900 3427 986 3491 intra
1005 3450 1147 3494 mensem
1169 3436 1291 3494 statuta
1309 3428 1419 3494 omnia
1433 3425 1653 3493 universitatis

237 3525 460 3607 scholasticae
477 3532 511 3588 et
529 3545 568 3587 ea
581 3525 749 3611 imprimis,
770 3546 852 3612 quae
866 3525 909 3590 ad
919 3526 1027 3614 ipsum
1041 3536 1199 3614 spectant,
1217 3537 1295 3594 nota
1308 3527 1514 3616 perlectaque
1528 3525 1650 3592 habere

237 3624 341 3690 debet.
382 3623 488 3689 ltem³
508 3620 603 3688 debet
624 3625 792 3710 pecunias,
814 3646 835 3689 a
855 3627 973 3712 prioris
993 3628 1157 3692 semestris
1177 3638 1302 3694 rectore
1322 3626 1384 3695 sibi
1402 3611 1584 3692 rationibus
1604 3646 1652 3690 re

235 3724 310 3789 latis
329 3721 482 3806 traditas,
501 3722 537 3785 in
557 3743 667 3787 arcam
686 3723 851 3810 publicam
870 3747 1042 3813 reponere,
1062 3727 1287 3814 praesentibus
1307 3725 1501 3793 consihariis
1523 3734 1557 3790 et
1582 3723 1655 3790 aliia

196 3822 282 3888 acad
304 3821 385 3887 haec
406 3819 584 3904 destinatis,
605 3824 841 3908 quamprimum
861 3835 893 3890 et
913 3847 1009 3913 quam
1030 3826 1210 3892 rectissime
1230 3818 1309 3890 fieri
1321 3826 1449 3913 poterit.

287 3938 293 3952 ·
318 3920 508 3986 Referentur
529 3928 635 3986 autem
655 3943 676 3986 a
696 3923 815 4008 prioris
839 3926 1003 3999 semestris
1023 3936 1147 3992 rectore
1168 3927 1310 3992 rationes
1328 3927 1455 4012 accepti
1472 3933 1504 3990 et
1520 3923 1668 4011 expensi·

238 4024 272 4086 in
298 4021 493 4107 magistratu
524 4040 581 4084 suo
610 4041 695 4086 novo
729 4024 847 4088 rectori
876 4026 985 4090 statim
1014 4035 1089 4114 post
1117 4036 1283 4112 peractam
1309 4024 1527 4104 laudationem
1555 4019 1658 4110 ipsius

241 4142 351 4187 coram
373 4118 568 4185 consiliariis
588 4118 632 4184 ad
652 4118 713 4186 hoc
733 4120 920 4209 designatis.
1651 4126 1654 4135 ’

321 4218 453 4284 Rectori
472 4240 529 4285 suo
550 4219 697 4283 semestri
718 4229 812 4285 extra
832 4222 988 4310 oppidum
1008 4222 1096 4289 ultra
1116 4223 1258 4291 triduum
1280 4223 1394 4290 abesse
1409 4223 1573 4308 nonlicet,
1593 4221 1656 4288 nisi

197 4317 392 4386 ³5facultate
419 4340 440 4382 a
465 4316 595 4405 publico
618 4318 751 4385 consilio
770 4320 952 4408 impetrata.
996 4322 1078 4390 cum
1097 4322 1216 4389 abierit
1235 4333 1292 4390 aut
1311 4322 1423 4389 morbo
1444 4323 1552 4390 aliave
1571 4323 1656 4389 iusta

239 4440 339 4485 causa
358 4415 532 4503 impeditus
553 4440 668 4483 munus
688 4441 781 4484 suum
800 4420 891 4487 obire
913 4443 979 4488 non
998 4422 1126 4510 poterit,
1147 4425 1340 4489 constituere
1360 4421 1493 4489 debebit
1513 4422 1652 4511 aliquem

238 4519 344 4584 virum
362 4537 498 4603 gravem
518 4525 550 4582 et
569 4516 771 4604 prudentem,
791 4522 846 4606 qui
867 4543 927 4608 pro
950 4531 1076 4587 rectore
1096 4523 1220 4589 interea
1239 4525 1328 4590 vices
1349 4523 1452 4610 ipsius
1472 4532 1574 4610 gerat

311 4787 320 4835 1
341 4779 527 4837 Geschrieben
544 4780 617 4836 steht
629 4784 774 4853 postulati,
792 4784 837 4839 die
854 4785 951 4841 Worte
969 4793 994 4840 ct
1009 4805 1161 4842 remearem
1176 4789 1237 4843 diei
1253 4788 1313 4843 sind
1330 4789 1383 4842 mir
1400 4787 1509 4844 unklar.
1633 4802 1638 4809 ·

309 4869 324 4919 2
344 4866 385 4918 ad
398 4863 473 4919 fehlt.
576 4870 592 4921 :3
609 4866 796 4923 (lesohrieben
813 4867 888 4924 steht
905 4871 987 4924 Idem.
