3756 6158
250 443 309 507 186
814 450 871 500 Das
887 466 983 515 grosse
1001 453 1104 517 colleg.

327 622 592 707 Pronunciamus,
619 628 706 715 quod
729 654 841 698 omnes
864 633 1082 700 dissensiones
1110 645 1201 702 ortae
1222 636 1305 700 inter
1326 635 1512 721 collegiatus
1538 638 1667 703 maioris

245 722 371 809 collegii
393 734 425 787 et
449 723 639 810 collegiatus
661 729 786 797 vilioris
807 733 936 821 collegii
963 745 994 801 et
1015 757 1126 800 omnes
1147 758 1189 799 ex
1215 745 1351 820 utraque
1373 745 1467 822 parte
1489 735 1665 802 adhaeren-

248 840 295 887 tes
316 825 441 888 ratione
464 826 668 913 quorrmdam
692 840 888 898 statutorum
916 834 1079 900 facultatis
1101 835 1218 899 artium
1239 845 1271 898 et
1292 836 1428 900 rectoris
1448 835 1615 901 electionis
1637 838 1668 900 in

247 922 382 1008 collegio
415 926 532 990 maiori
564 926 748 994 celebratae
780 941 812 996 et
848 933 1085 1000 abstracturum
1117 935 1301 998 examinum
1336 944 1368 998 et
1404 934 1669 1001 convocationum

205 1033 222 1087 ⁵
249 1021 413 1089 facultatis
440 1026 560 1091 artium
587 1029 621 1091 in
650 1028 789 1116 collegio
810 1034 926 1098 maiori
952 1043 985 1098 et
1012 1033 1303 1098 administrationis
1330 1032 1417 1098 illius
1446 1036 1605 1122 pecuniae
1632 1034 1670 1100 de

244 1120 323 1188 locis
347 1126 569 1209 provenientis
590 1128 625 1192 in
647 1139 741 1215 parte
762 1133 848 1196 etin
872 1143 939 1197 toto
962 1132 1080 1199 debent
1101 1156 1172 1198 esse
1193 1143 1340 1199 mortuae
1360 1142 1393 1198 et
1413 1136 1595 1218 extinctae,
1624 1135 1670 1200 sic

248 1232 356 1288 11111111
376 1236 412 1288 ut
432 1234 530 1289 antea
551 1227 617 1290 sint
636 1226 715 1293 boni
741 1239 774 1294 et
800 1254 843 1295 ex
864 1234 972 1298 animo
993 1234 1101 1298 amici.
1141 1233 1221 1298 Item
1248 1231 1337 1320 quod
1362 1234 1516 1298 examina
1544 1255 1669 1322 promo

245 1321 424 1388 vendorum
447 1325 481 1388 in
501 1324 628 1391 artibus
650 1337 682 1391 ct
703 1332 953 1398 convocationes
974 1331 1136 1397 facultatis
1157 1333 1276 1396 artium
1300 1342 1332 1396 et
1360 1332 1500 1417 prandia
1527 1332 1670 1399 lieentia

247 1436 352 1487 torum
374 1425 407 1488 in
428 1423 553 1489 artibus
576 1423 717 1492 debeant
737 1451 809 1493 esse
831 1432 864 1495 in
887 1430 1023 1517 collegio
1035 1433 1160 1514 maiori,
1181 1442 1215 1496 ut
1235 1430 1411 1518 disponunt
1429 1439 1553 1497 statuta
1573 1432 1669 1499 facu-

207 1532 238 1586 1⁰
247 1522 321 1585 tatis
343 1524 474 1589 artium.
506 1524 586 1590 Item
609 1525 773 1614 collegiati
795 1527 915 1595 debent
933 1532 1103 1618 percipere
1124 1531 1295 1618 pecuniam
1315 1529 1356 1595 de
1377 1529 1457 1596 locis
1480 1532 1669 1618 provenien·

248 1632 323 1704 tem,
346 1624 431 1689 sicut
452 1634 527 1691 ante
548 1625 705 1693 fecerunt.

534 2083 583 2145 44.
604 2094 651 2145 ns
672 2095 929 2147 ruoeumuoas
950 2100 1116 2149 41111111
1136 2098 1367 2147 1111111110.

326 2222 585 2294 1111110143οὼ
612 2230 840 2316 praepositura
864 2228 910 2294 M.
934 2229 1091 2318 Stephani
1119 2230 1292 2295 Hnffeners
1318 2228 1349 2294 d.
1376 2233 1395 2295 2
1422 2228 1565 2315 Augusti
1595 2253 1666 2297 con·

246 2321 385 2406 elusum,
414 2324 501 2411 quod
529 2326 664 2414 quilibet
694 2327 885 2415 collegiatus
914 2331 1046 2396 maioris
1076 2328 1220 2416 eollein,
1252 2330 1308 2414 qui
1334 2327 1421 2393 ultra
1443 2349 1590 2395 mensem
1620 2342 1666 2397 est

206 2431 236 2487 15
246 2421 364 2487 absens
391 2446 412 2487 a
439 2422 584 2510 collegio,
612 2437 739 2492 tenetur
767 2427 928 2494 dimittere
956 2452 1013 2495 seu
1041 2427 1164 2495 babere
1189 2436 1431 2516 procuratorem
1460 2426 1664 2515 mllegiatum

245 2532 450 2607 praesentem
471 2522 600 2611 collegii
629 2526 788 2615 praedicti
810 2551 870 2616 per
891 2537 1017 2616 tempus
1039 2528 1206 2595 absentiae
1234 2549 1323 2609 suae,
1352 2524 1411 2590 sub
1433 2549 1540 2612 poena
1560 2531 1665 2616 privs·

246 2622 348 2686 cienis
371 2620 600 2709 collegiaturae
623 2648 702 2691 suae
723 2626 812 2692 nulla
833 2627 898 2694 alia
919 2629 1128 2695 invocaeione
1149 2624 1371 2714 praecedente.

578 2816 627 2876 45.
649 2828 718 2876 ruo
740 2828 909 2878 1111101111
929 2816 949 2878 6
969 2828 1121 2877 monum
1140 2826 1322 2877 souvuum.

329 2954 473 3035 Quilibet
494 2955 536 3022 de
555 2980 639 3025 novo
653 2961 788 3026 intrans
809 2958 978 3048 collegium
999 2960 1086 3026 infra
1106 2960 1248 3047 primum
1271 2979 1414 3023 mensem
1442 2957 1492 3022 sui
1517 2958 1666 3024 introitus

203 3050 374 3120 bosolvere
398 3054 495 3122 debet
520 3061 708 3146 praeposito
736 3059 864 3147 collegii
894 3071 971 3126 tune
998 3060 1149 3126 existenti
1175 3080 1235 3124 sex
1262 3057 1401 3123 florenos
1427 3078 1583 3123 renenses
1610 3080 1666 3145 pro

246 3152 324 3219 fiseo
343 3154 481 3241 collegii,
511 3156 571 3222 sub
594 3180 699 3244 poena
722 3163 886 3251 carentiae
912 3159 1041 3243 bursae,
1071 3182 1167 3247 quam
1188 3157 1395 3247 praepositus
1418 3154 1479 3221 sub
1505 3178 1563 3222 suo
1585 3157 1666 3221 iura·

244 3264 351 3318 mento
371 3254 434 3320 sibi
459 3255 650 3322 subtrahere
671 3267 807 3342 tenetur,
835 3261 863 3324 si
888 3258 1073 3347 praedictos
1101 3280 1160 3324 sex
1180 3256 1320 3323 florenos
1341 3278 1406 3323 non
1428 3252 1566 3322 solverit
1584 3256 1667 3321 infra

244 3363 371 3438 tempus
393 3366 626 3440 praenotatum.

263 3540 314 3602 46.
336 3554 382 3601 llll
401 3555 644 3605 DISPOSITIONE
667 3557 802 3607 HENSAE
822 3560 930 3608 IUXTA
954 3559 1131 3607 memmi
1153 3557 1293 3606 tmolus
1316 3555 1439 3605 PARTIS
1460 3554 1637 3605 cosmon.

205 3694 237 3749 25
329 3686 455 3752 Eodem
482 3710 566 3753 anno
587 3688 779 3756 duodecima
807 3690 860 3756 die
880 3691 1022 3778 Augusti
1050 3690 1235 3756 conclusum
1261 3687 1322 3753 fuit
1343 3685 1556 3770 concorditer,
1582 3686 1666 3775 quod

245 3788 450 3872 praepositus
473 3810 534 3873 pro
556 3797 701 3875 tempore
722 3790 867 3855 existens
887 3801 1036 3856 teneatur
1055 3812 1168 3877 regere
1189 3810 1334 3854 mensam
1363 3785 1403 3851 de
1430 3789 1610 3872 quantitate
1638 3795 1669 3851 et

246 3883 399 3970 qualitate
426 3886 619 3952 serculorum
646 3889 739 3954 iuxta
766 3888 928 3956 dictamen
954 3892 1087 3957 maioris
1113 3890 1218 3978 partis
1245 3887 1383 3973 collegii.
1425 3885 1516 3952 Idem
1539 3888 1602 3953 erit
1630 3886 1669 3952 de

245 3983 449 4050 cerevisiario
471 3985 579 4071 quoad
599 3987 729 4053 modum
750 3989 947 4077 respiciendi
966 3991 1166 4055 cerevisiam.

305 4172 353 4231 117.
376 4185 421 4232 on
444 4186 748 4238 1114111111114111
770 4191 837 4238 1111
855 4190 1057 4250 mansurnis
1079 4188 1280 4238 1011111111
1301 4186 1348 4234 ns
1370 4172 1611 4237 1010111111ι

205 4272 238 4326 30
760 4291 929 4340 1411111411
948 4288 1160 4337 1111111111.

327 4415 406 4480 Item
435 4427 599 4501 statutum,
630 4421 717 4506 quod
744 4424 881 4508 pecunia
904 4421 981 4486 data
1002 4423 1035 4485 in
1062 4422 1231 4508 propinem
1251 4417 1394 4484 familiae
1415 4440 1474 4506 per
1493 4416 1715 4481 intrantem

247 4512 418 4599 collegium
439 4515 480 4582 de
503 4540 587 4583 novo
608 4518 669 4584 hoc
691 4520 786 4586 modo
814 4520 1038 4603 distribuatur,
1066 4519 1153 4608 quod
1180 4528 1374 4605 procurator
1401 4516 1522 4582 habeat
1549 4514 1733 4581 medie-

246 4622 343 4678 tatem
370 4616 478 4699 totius,
507 4620 664 4684 tertianus
686 4642 763 4685 vero
792 4619 912 4686 habeat
932 4626 951 4686 2
973 4642 1116 4706 grossos,
1143 4618 1309 4683 residuum
1336 4625 1442 4683 autem
1470 4614 1565 4681 detur
1588 4634 1733 4682 coeo

244 4721 299 4776 aut
319 4734 424 4780 cocae.

322 5029 538 5087 lGeschrieben
561 5031 636 5087 steht
657 5035 712 5103 ud,
734 5036 790 5090 und
813 5035 858 5091 die
881 5052 971 5106 ganza
993 5032 1186 5092 Uebcrschrift
1211 5034 1247 5088 ist
1271 5032 1313 5088 als
1338 5049 1401 5088 sum
1424 5030 1733 5104 mnufgdrendet

243 5108 326 5168 Satn
343 5111 460 5186 gabiirig
476 5115 634 5172 bebandelt.
