3756 6158
769 487 820 539 Dis
836 489 956 542 Statuten
973 503 1036 540 vom
1052 489 1135 541 Jahre
1156 492 1219 540 1500

620 675 668 736 14.
690 666 844 758 [Bl.1s·]
873 688 920 736 nn
941 687 1126 739 ciracmun
1145 690 1191 737 ur
1213 689 1380 740 annasse.

375 804 672 866 Uetereinstimmead
692 806 744 865 mit
763 809 823 866 Nr.
844 808 885 871 26
899 807 958 867 'des
972 811 1110 882 fritlam
1123 808 1377 870 Statuteabaeies.
1412 809 1494 868 Dara
1510 809 1610 868 dieser
1624 807 1705 866 Arti-

290 909 336 967 icel
354 906 435 964 nicht
457 906 547 962 seton
567 905 599 962 in
619 904 666 962 die
679 908 831 980 fritherun
845 906 984 966 Stataters
1006 908 1166 983 eiaqeret'dt
1185 911 1281 980 ward,
1303 929 1370 967 war
1391 910 1467 968 woil
1486 928 1546 967 aar
1562 908 1612 966 eia
1634 907 1705 966 Ver·

290 1007 385 1066 oeteo.
413 1005 620 1083 DsrAnsanp,
637 1005 925 1083 aachortlassaaq
936 1009 991 1067 der
1005 1008 1187 1084 Eialet'tuaq,
1207 1009 1301 1067 laatet
1313 1011 1407 1084 jctzt:
1427 1003 1545 1069 Rector
1561 1004 1632 1069 sine
1644 1015 1706 1083 etc,

260 1108 352 1168 tund
370 1124 418 1162 am
440 1103 578 1162 Sodlasse
598 1103 637 1161 ist
659 1104 849 1182 tiazapefiiqt
871 1103 904 1166 in
926 1124 1115 1190 quocunque
1136 1102 1215 1169 1000.

293 1293 338 1355 15.
361 1281 421 1374 [Bt.
439 1281 512 1373 18⁸]
534 1302 581 1350 nn
603 1298 754 1349 raornu
774 1301 976 1350 axammrnn
995 1302 1144 1352 aluums
1163 1301 1425 1352 unrvnnsmsris
1443 1303 1466 1350 a
1480 1299 1706 1350 carmariaus

786 1398 938 1449 maiorm
960 1400 1203 1451 nocromrus.

376 1520 674 1582 Uetereirsstimmerid
692 1519 745 1576 mit
763 1520 823 1578 Nr.
846 1520 899 1593 17,
926 1520 1037 1580 Atrea
1056 1525 1076 1584 4
1100 1523 1151 1581 der
1165 1522 1304 1597 fritlam
1326 1521 1585 1594 Statutcabacter,
1611 1522 1704 1598 bapin-

288 1624 382 1682 acad:
414 1615 562 1697 Quilibet
584 1617 618 1681 in
640 1637 735 1681 sacra
755 1616 927 1701 paginati.
948 1641 974 1681 s.
995 1641 1031 1682 w.
1072 1621 1268 1709 Abrasiclread
1288 1621 1326 1680 iat
1347 1640 1415 1692 aar,
1436 1623 1509 1678 dass
1521 1627 1585 1696 fiir
1606 1616 1706 1682 altero

248 1731 280 1786 10
291 1719 409 1791 iuriam
431 1712 603 1802 (S.58,32)
623 1727 732 1795 perstat
752 1719 791 1778 ist
811 1713 913 1781 altero
935 1714 988 1780 vel
1008 1725 1144 1802 utroque
1164 1718 1294 1811 iuriupp.

1245 1840 1296 1931 ἱ

370 2071 502 2132 Hiermit
523 2071 657 2130 scilicaet
678 2071 726 2129 die
747 2070 786 2129 im
805 2072 903 2131 Jatra
927 2071 1005 2133 1500
1020 2090 1258 2148 vorpeaommeae
1270 2071 1437 2130 Redaott'oa
1459 2073 1515 2129 der
1535 2077 1636 2146 ersten
1648 2069 1703 2130 at

289 2175 429 2250 theilaap,
450 2191 481 2228 es
493 2172 600 2247 salpen
622 2177 684 2246 aas
698 2173 755 2230 dea
771 2173 889 2231 darnole
902 2171 1148 2246 lecrqdamma
1164 2173 1307 2230 Butam
1325 2171 1704 2230 Zaratzbeaelrliissc.

474 2331 476 2334 ’
505 2330 725 2421 16.[Bl.18¹¹.
749 2329 819 2420 19⁸]
852 2349 1037 2399 srarurnu
1055 2349 1102 2399 nu
1126 2349 1258 2398 auarus
1278 2350 1478 2400 rnonmmo.

698 2452 752 2502 Sub
769 2453 873 2516 Langia
890 2453 1078 2518 Lembemensi
1096 2450 1165 2517 (also
1187 2451 1291 2517 totth).

247 2583 278 2637 15
371 2570 453 2637 Cum
474 2567 613 2633 ambicio
635 2565 775 2632 candida
794 2567 828 2630 in
849 2568 955 2654 nigra,
976 2588 1112 2654 regnum
1132 2569 1167 2632 in
1187 2569 1392 2655 tyrannidem
1413 2574 1535 2650 vertat,
1556 2565 1701 2631 beneme

286 2672 357 2736 ritis
391 2663 538 2755 praemia
571 2668 701 2734 virtutis
728 2674 761 2732 et
789 2665 939 2732 laborum
966 2667 1126 2733 subducat
1155 2676 1188 2732 et
1216 2666 1300 2733 male
1329 2667 1453 2732 meritis
1480 2664 1702 2731 adulatoribus

286 2769 432 2835 conferat
451 2774 585 2832 munera
606 2766 748 2849 virtutis,
767 2767 970 2852 impericiam
988 2765 1155 2833 doctrinae
1174 2767 1339 2854 praeferre
1360 2766 1515 2833 electores
1536 2774 1650 2852 cogat,
1669 2773 1704 2829 ut

285 2869 336 2934 his
357 2866 452 2933 malis
474 2866 605 2932 obviam
627 2867 738 2948 iretur,
758 2874 876 2930 statuto
897 2865 1048 2932 concordi
1068 2844 1703 2933 universitatimmsensuoorroborato

285 2977 417 3034 cautum
438 2975 504 3050 est,
532 2989 573 3031 ne
594 2967 763 3053 quisquam
784 2986 843 3050 pro
864 2964 1001 3031 lecfione
1022 2975 1054 3031 et
1072 2964 1238 3048 facultate,
1266 2966 1459 3052 magistratu
1480 2963 1628 3052 publico,
1652 2986 1703 3030 aa

243 3070 457 3150 tononicatu,
483 3064 697 3151 collegiatura
724 3073 780 3130 aut
808 3063 881 3130 aliis
910 3062 994 3153 [tab]
1021 3065 1192 3152 stipendiis
1220 3067 1290 3131 sive
1316 3063 1483 3131 beneficiis
1509 3087 1570 3153 per
1595 3086 1633 3129 se
1652 3062 1702 3129 vel

285 3169 401 3251 alium,
424 3165 547 3232 directe
567 3154 628 3228 vel¹
640 3163 813 3248 indirecte,
832 3186 891 3251 per
911 3186 1055 3247 munera,
1076 3185 1137 3251 per
1160 3164 1387 3252 suffragiorum
1408 3162 1630 3252 obligaciones
1651 3146 1734 3241 aut⁸

284 3292 342 3356 per
370 3264 526 3333 offerendi
554 3285 688 3328 munera
716 3272 793 3351 post
814 3262 980 3328 electionis
1002 3273 1109 3328 actum
1129 3265 1362 3352 promissiones
1383 3263 1521 3347 ambiat,
1555 3261 1704 3330 sollicitet

284 3379 341 3433 aut
368 3375 569 3452 corrumpat
610 3360 732 3428 Verum
764 3385 824 3450 pro
855 3363 969 3428 merito
996 3371 1028 3426 et
1054 3363 1125 3428 iure
1153 3385 1211 3428 suo
1238 3362 1412 3437 obtinendo
1439 3361 1550 3431 verbis
1579 3372 1722 3450 wamia,

284 3465 459 3532 sollicitare
487 3462 684 3530 conceditur.
732 3460 969 3548 Transgressor
998 3463 1040 3526 sit
1066 3458 1238 3550 perpetue
1253 3463 1433 3530 inabilitate
1460 3472 1493 3528 et
1519 3462 1704 3550 privafiot'te

242 3569 336 3633 assui
356 3569 528 3647 interesse,
548 3562 673 3627 ambitu
696 3571 772 3626 ante
791 3560 843 3625 vel
861 3571 937 3647 post
956 3559 1144 3627 electionem
1166 3573 1344 3651 comperto,
1366 3573 1441 3629 actu
1462 3561 1704 3629 condemnatus.

284 3669 357 3734 Sint
389 3686 514 3754 quoque
549 3660 720 3727 collatores
754 3669 793 3745 et
813 3657 1075 3758 electo[20⁸]res
1108 3673 1141 3726 et
1166 3672 1426 3750 praesentatores
1456 3660 1517 3727 sub
1544 3671 1704 3750 perpetus

285 3768 450 3834 electionis
472 3763 660 3850 privacione
683 3760 824 3853 astricti,
849 3768 885 3824 ut
911 3759 1024 3825 doctos
1045 3769 1079 3825 et
1098 3760 1140 3826 de
1160 3763 1373 3855 universitate
1393 3761 1611 3828 benemeritos
1631 3761 1703 3826 aliis

286 3869 393 3931 minus
422 3864 526 3928 doctis
552 3862 718 3948 spectatis,
731 3868 763 3924 et
789 3856 883 3925 bmis
910 3859 991 3922 viris
1012 3870 1043 3924 et
1064 3859 1279 3927 ambimtbus
1298 3862 1486 3950 praeferant
1506 3860 1704 3946 idoneosque

285 3967 412 4052 eligant
454 3963 492 4027 ln
516 3961 634 4026 vetitas
655 3950 911 4024 sollicitatores
926 3979 1071 4023 annuens
1081 3962 1211 4047 *easque
1232 3971 1407 4048 acceptans
1427 3963 1470 4026 sit
1490 3961 1524 4024 in
1546 3960 1703 4026 electione

242 4077 277 4133 ³0
288 4064 441 4149 suffragio
463 4062 620 4148 privatus,
642 4067 674 4122 et
694 4067 863 4145 acceptum
883 4058 917 4122 in
936 4060 1157 4129 universitatis
1178 4061 1341 4127 aerarium
1364 4060 1555 4148 deponatur.

592 4248 639 4308 17.
665 4259 712 4307 nn
734 4212 883 4337 qoaspn
904 4257 1075 4355 nspanms
1094 4258 1141 4347 ur
1162 4186 1416 4309 mancius?
1617 4186 1649 4281 ’ἢ

153 4366 187 4413 “·“’
257 4435 265 4445 .
366 4378 449 4448 Cum
477 4378 546 4444 sine
572 4373 773 4477 pensiculff
794 4373 938 4440 delibera
946 4369 1032 4461 [20¹2]
1039 4360 1126 4441 tiode
1148 4383 1326 4541 Ἥκω
1348 4360 1481 4441 consilio
1501 4396 1599 4489 nemo
1620 4373 1700 4442 rele-

347 4266 364 4295 ,.

144 4328 186 4381 rat
334 4312 358 4359 0

283 4491 379 4570 getur
400 4488 433 4544 et
453 4475 692 4564 proscribatur,
720 4480 751 4538 et
771 4472 971 4539 reconciliati
992 4474 1159 4540 rarissime
1247 4475 1418 4562 probatam
1439 4474 1594 4565 honestae
1614 4477 1700 4541 vitae
1722 4426 1756 4651 1

282 4584 409 4667 frugem
429 4576 600 4658 redierint,
623 4566 672 4638 ‘ne
705 4594 842 4637 censura
862 4572 1086 4639 universitatis
1107 4575 1142 4638 in
1162 4583 1379 4661 contemptum
1397 4572 1497 4661 abeat
1518 4583 1551 4640 et
1571 4576 1700 4642 occasio

241 4681 396 4747 35effreni
423 4676 643 4742 contumacias
664 4683 696 4738 et
714 4672 834 4737 idcioni
854 4672 1096 4741 scolasticorum
1117 4673 1226 4758 detur,
1257 4696 1322 4761 qua
1351 4675 1386 4738 in
1407 4683 1572 4758 meteres}
1596 4694 1699 4741 asses·

283 4801 382 4860 sores,
405 4774 608 4842 consiliarios
629 4773 776 4861 grasmi
793 4781 936 4861 possent,
956 4771 1109 4867 epncoedi
1125 4774 1348 4855 ¹universitatis
1364 4796 1524 4840 consensu
1541 4775 1700 4841 sancitum
1711 4716 1756 4951 1

735 4934 790 4999 ··¹,¹,-
1138 4936 1201 5003 μ’
1295 4904 1314 4951 υ
1563 4970 1568 4986 4
1622 4954 1653 5001 *4
1732 4940 1746 4979 ¹r

122 5016 136 5049 1

222 5124 239 5155 ,
282 5177 301 5232 d
351 5088 605 5232 tlbigonzdsrselben
624 5086 723 5151 Hand,
739 5086 783 5143 die
799 5088 850 5145 das
866 5062 1296 5161 Voraufgehsirdegsschrieben
1314 5086 1376 5155 hat,
1393 5085 1542 5145 chosach
1561 5088 1635 5145 wohl
1650 5105 1702 5146 aus

303 5188 362 5232 ειη
408 5194 427 5230 n
468 5175 514 5231 eit.
