3756 6158
246 470 308 534 502
744 468 794 519 Die
813 467 1031 532 pbilosophische
1048 467 1175 520 Faculttt.

287 689 315 750 9.
337 703 498 750 IUNIORES
519 702 684 750 MAGISTRI
703 704 867 752 suoscffis
889 701 1200 751 nxrnaonnmaltns
1222 702 1420 753 DISPU'I'ARE
1444 701 1637 750 rausum

348 802 454 849 mnan
476 802 569 850 SUUM
590 802 759 851 BIENNIUM
779 803 872 851 ANTE
895 800 1143 850 RECEPTIONEM
1163 802 1285 851 EORUM
1306 803 1354 849 ΑΙ)
1376 801 1570 851 consutum

847 900 1071 950 racunrams.

329 1015 457 1083 Placuit
479 1027 511 1082 et
531 1028 624 1083 vetus
644 1028 693 1083 est
713 1028 883 1100 statutum,
906 1015 994 1103 quod
1016 1014 1152 1101 quilibet
1181 1024 1348 1104 promotus
1368 1018 1403 1082 in
1425 1019 1625 1102 magistrum
1643 1024 1674 1079 et

204 1123 221 1178 5
251 1114 415 1202 complens
449 1140 542 1182 suum
573 1116 736 1182 biennium
771 1139 830 1204 per
856 1117 1026 1182 lectionem
1053 1114 1216 1203 publicam
1243 1116 1277 1180 in
1303 1115 1429 1181 artibus
1455 1114 1672 1196 ordinariam,

247 1215 443 1280 exercicium
474 1215 606 1303 aliquod
633 1240 691 1282 seu
717 1215 878 1303 publicam
905 1215 1174 1303 resumptionem,
1203 1223 1235 1280 et
1258 1214 1371 1280 volens
1402 1225 1479 1302 post
1507 1214 1672 1280 biennium

250 1315 343 1378 iuxta
364 1316 560 1381 serenissimi
590 1318 693 1381 nostri
722 1316 881 1403 principis
909 1314 1000 1380 ducis
1022 1313 1157 1401 Georgii
1180 1313 1416 1380 ordinationem
1439 1313 1484 1378 ad
1505 1312 1672 1380 consilium

249 1412 412 1478 facultatis
434 1417 550 1481 artium
573 1417 708 1497 assumi,
730 1425 879 1480 teneatur
900 1414 986 1480 ultra
1007 1411 1176 1501 praedicta
1196 1413 1282 1478 infra
1304 1417 1444 1500 primum
1473 1435 1597 1479 annum
1625 1413 1671 1477 sui

250 1514 430 1599 magisterii
461 1518 560 1580 octies
589 1513 850 1580 extraordinarie
880 1514 1083 1601 disputasse,
1116 1511 1213 1587 simili
1246 1510 1341 1577 modo
1374 1513 1461 1576 infra
1495 1511 1670 1577 secundum

208 1621 367 1677 loannum
391 1615 507 1698 octies3
532 1625 564 1679 et
584 1617 630 1679 ita
651 1610 794 1680 sedecies
817 1612 1078 1679 extraordinarie
1100 1610 1281 1699 disputabit
1303 1612 1389 1678 infra
1410 1611 1583 1683 biennium
1604 1623 1671 1698 post

250 1735 343 1776 suum
375 1715 608 1800 magisterium.
666 1712 706 1778 Si
733 1736 811 1779 vero
843 1714 930 1778 infra
964 1713 1104 1800 primum
1136 1733 1257 1776 annum
1287 1711 1456 1799 disputare
1490 1707 1671 1797 neglexerit

249 1813 365 1894 octies,
388 1813 473 1877 infra
491 1812 667 1878 secundum
689 1835 808 1877 annum
830 1834 1024 1899 recuperare
1045 1799 1371 1900 poterit'neglectas,
1393 1808 1541 1875 sedecies
1564 1808 1670 1899 dispu-

247 1909 357 1993 tando,
374 1912 460 1996 quod
482 1912 619 1977 facultas
639 1914 782 1998 gratiose
802 1910 973 1977 tollerabit
1015 1911 1061 1976 Et
1079 1920 1254 1998 antequam
1274 1919 1322 1975 tot
1340 1908 1584 1998 disputationes
1605 1930 1670 1996 per·

248 2011 377 2092 fecerit,
400 2022 436 2075 nt
458 2013 673 2098 praemissum
700 2022 766 2093 est,
787 2032 992 2098 nequaquam
1014 2009 1057 2075 ad
1087 2009 1256 2076 consilium
1284 2007 1450 2075 facultatis
1479 2017 1670 2073 muniatur.

209 2119 239 2174 ¹5
250 2109 358 2174 Debet
380 2112 477 2174 etiam
499 2098 668 2196 disputare
690 2109 870 2196 diligenter,
891 2107 1043 2174 videlicet
1066 2107 1225 2196 capiendo
1243 2108 1336 2175 'duas
1365 2106 1596 2173 conclusiones
1620 2128 1671 2171 seu

248 2209 454 2297 quaestiones
475 2217 508 2273 et
529 2208 592 2274 duo
614 2208 831 2296 sophismata,
855 2209 889 2273 in
913 2206 1020 2292 aliquo
1041 2208 1265 2291 lectoriorum,
1287 2231 1360 2272 cum
1390 2208 1601 2272 intimatione
1618 2228 1670 2293 pu·

248 2308 343 2390 blica,
366 2305 409 2372 ad
431 2307 566 2373 alteram
588 2306 758 2373 dimidiam
777 2308 901 2373 horam.
942 2306 987 2372 Et
1008 2307 1096 2394 quod
1115 2306 1299 2373 huiusmodi
1320 2306 1568 2392 disputationes
1591 2327 1669 2370 oom—

251 2407 399 2494 pleverit,
422 2406 583 2472 tenebitur
605 2405 712 2472 dicere
739 2406 800 2472 sub
828 2429 886 2472 suo
912 2408 1118 2472 iuramento¹
1144 2416 1292 2494 tempore
1319 2405 1519 2492 receptionis
1543 2405 1613 2470 eius
1631 2401 1669 2468 ad

249 2506 418 2574 consilinm
447 2505 622 2572 facultatis.

204 2700 239 2757 to
262 2698 309 2759 10.
327 2686 465 2776 [Blae]
488 2706 613 2766 comus
631 2704 735 2755 noma
753 2705 919 2755 nsmsrm
939 2704 1248 2755 surmonnmsnm
1269 2703 1457 2753 mauman
1477 2702 1668 2752 sorranus.

332 2821 458 2888 Placuit
485 2820 603 2887 illustri
632 2822 772 2909 principi
801 2820 875 2886 duci
901 2820 1044 2908 Georgio
1077 2823 1111 2886 in
1140 2844 1199 2886 sua
1226 2821 1406 2885 novissima
1432 2821 1668 2900 reformatione,

250 2924 432 3011 quicunque
453 2922 684 3008 magistrorum
706 2919 965 2986 extraordinarie
987 2919 1169 3007 legerere]
1197 2941 1361 3011 resumere
1392 2917 1505 2985 debito
1533 2929 1668 3006 tempore

250 3023 405 3104 voluerit,
431 3045 497 3087 non
519 3019 638 3085 debeat
665 3019 849 3107 prohiberi,
877 3030 914 3084 ut
942 3021 989 3084 sic
1015 3021 1164 3107 magistri
1194 3021 1228 3085 in
1257 3018 1385 3084 actibus
1414 3017 1618 3085 scholasticis
1638 3038 1667 3081 se

249 3143 402 3187 exercere
423 3120 567 3204 valeant,
592 3121 657 3185 isto‘
676 3130 784 3184 tamen
806 3119 994 3201 observato,
1017 3119 1104 3207 quod
1131 3120 1165 3184 in
1192 3119 1307 3206 hyeme
1328 3139 1425 3183 mane
1448 3119 1563 3206 quinta
1584 3127 1667 3182 sexta

205 3223 395 3309 25septima,
418 3230 494 3306 post
513 3219 688 3306 prandium
709 3218 880 3283 undecima
908 3228 939 3282 et
960 3228 1077 3306 quarta
1097 3219 1186 3284 horis
1214 3216 1400 3283 huiusmodi
1425 3227 1520 3282 actus
1548 3215 1662 3282 schola

247 3322 346 3385 sticos
367 3318 558 3384 resumendo
576 3329 631 3383 aut
646 3316 785 3404 legendo
802 3316 984 3399 observent,
1006 3320 1040 3382 in
1062 3329 1185 3383 aestate
1206 3328 1322 3405 quarta
1344 3319 1459 3405 quinta
1480 3327 1577 3381 sexta
1597 3326 1662 3379 ante

250 3418 432 3507 prandium,
455 3428 530 3505 post
544 3440 621 3483 vero
636 3417 808 3504 prandium
830 3416 956 3481 decima
968 3416 1141 3483 undecima
1156 3428 1189 3484 et
1202 3426 1319 3506 quarta
1340 3417 1439 3482 horis.
1473 3414 1544 3481 Sub
1563 3415 1661 3480 lectio·

248 3520 342 3584 nibus
365 3541 442 3582 vero
464 3516 638 3582 ordinariis
661 3525 693 3580 et
715 3515 1003 3602 principalioribus
1023 3540 1116 3582 nemo
1144 3518 1252 3604 legere
1273 3515 1326 3580 vel
1355 3537 1523 3580 resumere
1545 3513 1662 3601 publice

251 3617 347 3682 debet
365 3618 429 3681 nisi
448 3639 508 3703 pro
524 3615 655 3681 sallario
670 3615 854 3680 auditorum
867 3614 1030 3680 incudem
1048 3619 1193 3700 materia,
1215 3619 1249 3680 in
1271 3638 1336 3702 qua
1355 3613 1517 3679 ordinarii
1537 3613 1663 3679 lectores

207 3718 440 3804 301eguntaut
463 3715 572 3801 legere
594 3724 838 3779 consueverunt.

252 3923 295 3984 ll.
317 3935 365 3981 Du
386 3930 650 3980 EXERCENTIBUS
671 3929 854 3978 MAGISTRIS
876 3931 922 3976 ΕΤ
944 3930 1154 3996 sweolcum
1176 3930 1311 3980 PRIMUM
1332 3930 1379 3979 DE
1400 3928 1665 3978 DISTRIBUTIONE

704 4029 966 4078 EXERCIOIORUM
988 4032 1055 4078 PER
1077 4029 1223 4078 SORTEM.

333 4148 379 4213 Ut
399 4149 504 4232 magis
526 4169 593 4233 pax
615 4156 646 4210 et
674 4144 847 4216 eoncordia
866 4146 950 4209 inter
971 4147 1145 4231 magistros
1167 4147 1325 4227 iuniores,
1347 4167 1414 4210 non
1435 4143 1596 4211 babentes
1614 4165 1666 4230 pro

249 4260 394 4334 tempore
416 4246 556 4332 aliquam
576 4244 760 4325 lectionem,
782 4245 982 4326 observetur,
1007 4244 1144 4331 placuit,
1165 4255 1201 4309 ut
1222 4247 1385 4310 exercicia
1407 4267 1467 4331 per
1489 4255 1619 4324 sortem,
1638 4252 1668 4306 ut

207 4359 240 4414 ³5
251 4347 414 4436 quondam
429 4346 592 4425 lectiones,
608 4343 851 4426 distribuantur,
864 4348 913 4408 ita
926 4344 1014 4431 qnod
1029 4353 1151 4409 tantum
1172 4344 1236 4409 duo
1258 4355 1290 4408 et
1310 4366 1377 4409 non
1397 4342 1509 4430 plures
1529 4341 1668 4430 magistri

251 4447 293 4514 ad
313 4469 413 4511 unum
436 4444 630 4509 exercicium
656 4466 715 4529 pro
736 4442 843 4528 gradu
864 4443 1103 4508 baccalariatus
1125 4442 1338 4509 admittantur
1360 4452 1393 4507 et
1412 4465 1496 4507 unus
1516 4442 1669 4508 duntaxat

252 4570 310 4633 pro
331 4544 438 4632 gradu
462 4542 657 4627 magisterii,
680 4540 809 4628 dempto
831 4544 991 4608 exercicio
1012 4544 1130 4608 veteris
1160 4544 1256 4626 artis,
1285 4541 1372 4630 quod
1400 4550 1451 4606 est
1478 4542 1667 4607 exercicium

251 4646 293 4711 ad
307 4644 446 4731 gradum
467 4639 705 4706 baccalariatus
727 4645 901 4727 pertinens,
922 4641 966 4706 ad
987 4641 1073 4729 quod
1096 4642 1198 4706 solum
1219 4665 1300 4706 unus
1322 4643 1558 4726 magistrorum
1580 4639 1667 4706 debet

251 4745 410 4832 deputari,
434 4765 470 4807 eo
492 4739 578 4827 quod
601 4740 742 4805 decanus
764 4764 824 4827 pro
846 4752 993 4828 tempore
1021 4743 1163 4807 existens
1185 4739 1265 4805 illud
1288 4762 1444 4805 exercere
1463 4749 1620 4822 teneatur,
1639 4746 1665 4803 ct

339 4983 350 5031 l
370 4978 423 5031 Am
442 4975 550 5030 Raude:
571 4983 674 5046 tempto
692 4981 732 5030 eet
746 4976 915 5029 moderatum
932 4978 1039 5030 decreto
1053 4973 1206 5045 saertltott‘s
1224 4978 1296 5029 1520.
1324 4973 1662 5038 [incommemoratos

252 5062 346 5116 diebus
367 5062 480 5114 deleam
493 5061 562 5128 fieri
586 5062 786 5131 <immaniores
809 5061 1051 5113 entraordinariae
1069 5077 1125 5130 pro
1147 5057 1326 5128 completione
1346 5058 1465 5127 bimafa‘,
1483 5061 1548 5114 vida
1563 5061 1593 5112 ia
1608 5075 1661 5113 coa·

253 5147 329 5200 eluso
346 5147 545 5199 subdecanum
563 5147 679 5199 Ioannis
697 5145 784 5214 Mota,
799 5162 872 5199 aneo
892 5149 963 5199 1522.
