3756 6158
693 491 742 540 Die
762 493 879 541 Statutcn
900 506 951 541 von
970 492 1139 542 llssl-lbd'l.
1574 490 1634 554 235

216 672 270 736 sub
299 696 405 759 poena
428 673 589 737 carentiae
610 672 693 738 lueri
719 672 759 738 de
781 675 938 738 cerevisia
966 673 1193 760 provenientis.
1237 671 1312 751 Qua
1331 673 1431 758 petita
1451 679 1484 735 et
1505 670 1638 735 obtenta

216 773 305 836 dabit
326 796 425 837 unum
446 795 596 857 grossum
619 796 679 861 pro
702 773 816 839 solatio
838 777 1003 860 magistris
1026 771 1260 861 praesentibus.

264 946 312 1005 26.
335 958 383 1005 Da
405 957 567 1004 TEMPORE
589 958 807 1006 INCEPTIONIS
829 957 1041 1005 MUTATIONIS
1063 959 1133 1018 QUO
1154 958 1200 1004 AI)
1222 954 1364 1003 LUCRUM
1385 954 1585 1002 CEREVISIAE

784 1057 1074 1105 PAR'l'lClPANDUM.

297 1171 415 1251 Quoad
443 1170 568 1236 luorum
590 1174 767 1237 cerevisiae
795 1172 1054 1259 participandum
1077 1182 1204 1258 tempus
1231 1170 1424 1255 inceptionis
1446 1169 1638 1232 mutacionis
1663 1175 1678 1229 5

216 1272 397 1357 computari
419 1270 515 1336 debet
535 1271 577 1336 ab
599 1294 636 1337 eo
659 1272 721 1355 die,
751 1296 813 1360 quo
837 1270 1003 1336 sallarium
1025 1272 1228 1336 dominorum
1248 1271 1413 1354 magistris
1434 1278 1485 1331 est
1505 1267 1637 1353 deputa·

216 1384 292 1453 tum,
328 1372 376 1435 sie
394 1371 546 1435 videlieet
573 1371 659 1458 quod
681 1374 815 1436 mutatio
839 1370 1004 1435 aestivalis
1026 1372 1060 1435 in
1084 1369 1136 1435 die
1159 1391 1363 1456 peremensa,
1392 1366 1539 1432 hiemalis
1561 1389 1638 1430 vere

217 1482 312 1535 sexta
332 1471 416 1535 feria
437 1481 512 1535 ante
532 1470 682 1535 Mihaelis
704 1473 890 1557 incipiatur.

706 1643 754 1704 27.
776 1656 824 1702 na
845 1656 958 1702 nausa
981 1653 1148 1702 caunum.

299 1766 359 1855 [Bl.
381 1763 434 1854 Sl]
457 1767 614 1848 Quamvis
636 1779 710 1834 ante
731 1770 829 1856 longa
841 1781 997 1857 tempora
1024 1778 1191 1834 transacta
1213 1769 1362 1853 magistri
1390 1768 1484 1832 huius
1511 1767 1637 1853 collegii
1650 1778 1681 1832 10

218 1889 418 1932 communem
445 1890 589 1932 mensam
617 1878 726 1934 tenere
756 1870 921 1956 coeperint
949 1879 980 1932 et
1006 1871 1119 1955 paucis
1149 1869 1243 1933 annis
1271 1869 1543 1949 continuaverint,
1570 1877 1640 1931 tum

219 1970 293 2055 quia
316 1964 482 2031 sallarium
504 1966 707 2033 dominorum
728 1970 912 2055 principum
932 1992 991 2055 pro
1014 1967 1152 2032 tenenda
1173 1978 1204 2031 et
1226 1966 1443 2031 continuanda
1457 1967 1640 2033 huiusmodi

220 2068 377 2131 communi
405 2088 517 2129 mensa
538 2068 620 2152 ipsis
640 2091 704 2132 non
728 2068 860 2150 suffecit,
886 2070 932 2132 sie
959 2091 1019 2132 nee
1046 2090 1105 2154 pro
1131 2068 1296 2154 praesenti
1324 2067 1450 2148 suffieit,
1475 2067 1546 2133 ideo
1567 2089 1639 2130 ean·

220 2165 289 2230 dem
313 2188 514 2232 communem
536 2188 681 2231 mensam
710 2189 813 2254 pauco
839 2177 985 2254 tempere
1013 2169 1295 2248 continuaverunt,
1324 2189 1384 2230 nee
1411 2167 1508 2231 etiam
1530 2187 1639 2231 omnes

221 2266 367 2351 magistri
396 2266 577 2352 praesentis
606 2265 734 2353 collegii
763 2267 897 2331 eandem
923 2290 1122 2333 communem
1152 2288 1298 2330 mensam
1327 2265 1507 2353 aequaliter
1534 2276 1642 2330 tenere
1652 2274 1682 2329 15

222 2374 407 2451 potuerunt,
430 2365 700 2451 quemadmodum
722 2388 781 2430 nee
803 2366 899 2431 hodie
921 2377 1069 2453 possunt,
1093 2389 1130 2430 eo
1154 2366 1240 2450 qued
1261 2365 1324 2431 duo
1346 2367 1487 2431 iuniores
1511 2364 1641 2430 sallario

221 2463 417 2530 dominorum
439 2465 622 2552 principum
642 2465 784 2530 totaliter
806 2475 947 2530 careant.
980 2465 1157 2552 Postquam
1176 2477 1284 2529 tamen
1306 2465 1455 2530 omnibus
1475 2467 1640 2550 magistris

219 2565 398 2649 praesentis
418 2562 546 2647 collegii
567 2563 608 2628 de
629 2565 798 2650 pinguiore
819 2565 949 2630 sallario
964 2562 1016 2628 vel
1038 2564 1201 2650 stipendio
1222 2575 1255 2628 et
1275 2565 1452 2652 aequaliter
1473 2567 1639 2652 provisum

217 2664 326 2745 luerit,
354 2660 624 2749 quemadmodum
652 2662 715 2727 illis
747 2663 788 2726 de
817 2665 951 2749 collegio
973 2665 1090 2729 maiori
1112 2665 1279 2750 provisum
1309 2666 1431 2746 extitit,
1459 2662 1577 2728 debent
1608 2673 1640 2728 et

216 2763 328 2829 volunt
348 2762 498 2847 magistri
525 2760 568 2825 ad
597 2783 799 2826 communem
820 2785 965 2827 mensam
994 2763 1165 2828 tenendam
1192 2786 1264 2828 esse
1291 2765 1415 2827 astricti
1444 2773 1475 2826 et
1504 2763 1681 2828 eandemto

212 2861 426 2928 effectualiter
446 2870 566 2943 tenere,
587 2859 646 2924 sub
668 2883 775 2947 poena
796 2865 989 2948 privationis
1011 2862 1192 2928 huiusmodi
1215 2861 1347 2927 sallarii.
1377 2863 1510 2927 Interim
1531 2873 1639 2928 tamen

209 2961 301 3050 quod
322 2960 404 3048 ipsis
425 2961 590 3045 magistris
612 2959 652 3023 de
674 2960 851 3025 sullieiente
874 2974 905 3026 et
926 2965 1096 3049 pinguiore
1118 2961 1250 3026 sallario
1266 2983 1326 3048 pro
1347 2961 1530 3026 huiusmodi
1553 2984 1637 3027 cem·

206 3063 303 3126 muni
324 3081 438 3125 mensa
457 3059 596 3125 tenenda
623 3064 790 3145 previsum
811 3083 876 3125 nen
902 3072 966 3143 est,
994 3061 1107 3125 volunt
1134 3062 1198 3147 ipsi
1227 3071 1336 3124 tenere
1361 3070 1392 3125 et
1420 3084 1541 3146 ponere
1563 3061 1636 3124 bur-

207 3182 285 3227 sam
315 3183 354 3225 eo
388 3158 500 3240 modo,
531 3180 593 3245 quo
625 3160 675 3223 sui
710 3160 978 3245 praedecessores
1010 3169 1084 3224 ante
1115 3158 1332 3246 quadraginta
1364 3181 1465 3223 annos
1494 3171 1526 3224 et
1554 3160 1641 3225 ultra

202 3271 387 3326 tennerunt
409 3268 442 3322 et
462 3268 649 3344 posuerunt.
1649 3269 1681 3324 25

202 3432 263 3497 28.
283 3444 332 3492 na
353 3440 517 3500 amenus
539 3441 608 3489 rao
631 3442 899 3490 rounnrearaus
922 3444 967 3490 ar
989 3424 1366 3512 aa[tt·]naascroa1aus
1387 3443 1491 3490 nurus
1512 3443 1639 3492 couna-

383 3541 432 3588 on
454 3540 554 3589 erues
576 3541 744 3588 ennoean
763 3542 856 3589 arro
879 3542 1039 3590 smcruu
1061 3542 1201 3591 saonen
1223 3527 1486 3590 canaaamms.¹

295 3674 379 3740 Item
400 3671 624 3760 proximadie
645 3683 721 3759 pest
738 3673 856 3738 festum
877 3677 979 3739 saneti
1002 3674 1153 3759 Gregorii
1176 3675 1291 3762 peragi
1313 3673 1432 3738 debent
1453 3674 1541 3761 apud
1568 3697 1639 3739 san·

204 3785 301 3839 ctum
328 3770 465 3837 Paulum
494 3774 650 3860 exequiae
678 3794 738 3858 pro
767 3773 937 3839 animabus
967 3774 1118 3840 dominae
1147 3773 1296 3838 ducissae
1326 3772 1524 3862 aliorumque
1547 3773 1641 3838 huius

210 3872 345 3958 collegii
367 3868 573 3935 fundatorum
595 3880 627 3934 et
647 3871 897 3954 benefactorum,
919 3895 979 3959 pro
1001 3872 1117 3958 quibus
1140 3872 1335 3938 sollemniter
1356 3872 1559 3937 celebrandis
1582 3873 1682 3937 dar-30

211 3971 265 4037 bit
285 3969 456 4056 collegium
479 3969 634 4036 fratribus
664 3970 743 4035 dieti
766 3974 953 4035 monasterii
977 3971 1147 4038 duodecim
1167 3989 1217 4058 oq,
1240 3971 1401 4059 debetque
1424 3971 1544 4036 eisdem
1566 3996 1639 4036 exe-

214 4073 300 4160 quiis
316 4069 453 4155 quilibet
472 4069 659 4156 collegiatus
677 4093 748 4133 cum
769 4069 894 4136 duobus
917 4071 989 4136 aliis
1010 4073 1176 4157 magistris
1196 4094 1255 4159 per
1275 4094 1347 4137 eum
1369 4071 1412 4136 ad
1433 4070 1495 4136 hee
1515 4074 1639 4158 rogatis

218 4168 432 4258 personaliter
453 4169 619 4252 interesse,
647 4168 844 4234 oblationem
867 4171 976 4235 faeere
999 4193 1038 4234 ae
1060 4193 1121 4257 pre
1142 4169 1328 4237 huiusmodi
1350 4171 1520 4236 animabus
1543 4194 1639 4256 quam

217 4269 366 4335 devotius
389 4289 535 4349 exorare,
558 4268 618 4333 sub
640 4291 746 4355 poena
770 4267 982 4334 obedientiae.

218 4459 268 4519 Ἃ).
292 4468 341 4517 DE
360 4466 500 4515 vlamns
522 4468 567 4514 ET
589 4468 696 4516 anesis
719 4469 807 4516 POST
831 4469 964 4517 OBITUM
985 4469 1144 4518 salomes
1166 4470 1375 4520 connaeu'rr
1395 4470 1498 4518 HUIUS
1519 4461 1686 4518 conns-35

257 4570 307 4618 GH
329 4568 398 4616 PER
419 4567 519 4615 aulos
542 4567 736 4616 Maalsrnos
757 4569 910 4616 EIUSDEM
930 4569 1092 4618 COLLEGII
1112 4570 1181 4618 Pae
1203 4571 1398 4619 DEFUNC'I'IS
1420 4569 1602 4617 badanola.

298 4701 381 4766 Item
403 4699 527 4786 placuit
547 4701 722 4785 magistris,
745 4699 840 4788 quod,
863 4701 1118 4789 quandocunque
1139 4703 1257 4789 aliquis
1279 4702 1466 4789 collegiatus
1489 4725 1640 4789 praesen-

216 4803 258 4866 tis
279 4799 409 4885 collegii
430 4801 578 4881 moritur,
599 4799 686 4884 quod
708 4809 845 4887 protunc
865 4799 921 4865 alii
942 4800 1104 4887 collegiati
1130 4801 1315 4889 presbyteri
1340 4800 1485 4867 eiusdem
1514 4801 1641 4889 collegii

217 4912 283 4965 tres
303 4899 421 4964 missas
441 4920 500 4985 pro
522 4899 632 4964 anima
654 4899 728 4965 talis
749 4898 890 4965 defimeti
911 4898 1030 4986 legere,
1057 4899 1113 4966 alii
1140 4911 1246 4966 autem
1270 4900 1441 4989 collegiati,
1466 4923 1532 4966 non
1552 4924 1641 4988 pres·

305 5163 520 5219 ramanae:
550 5163 1373 5234 namammuoaauaammmuaoam
