3756 6158
251 470 311 535 35ss
746 468 798 518 Dis
814 467 1033 533 philosophtsclre
1048 469 1175 523 samaa

253 648 318 730 Qui
340 648 368 714 si
388 649 585 714 manerium
604 646 732 731 fecerit,
754 649 789 713 in
809 648 942 716 dimidio
964 648 1086 716 floreno
1107 672 1167 737 per
1187 650 1344 715 decanum
1367 650 1534 716 facultatis
1554 651 1668 716 areium

254 750 416 835 puniatur.
461 745 527 828 Qui
549 747 577 811 si
598 769 633 812 se
654 748 853 835 opposuerit,
875 748 918 814 ad
937 747 1110 815 ulteriores
1127 748 1250 834 ffladus
1269 750 1304 814 in
1327 749 1456 816 artibus
1476 772 1543 816 non
1562 749 1667 816 admit

252 856 349 913 tatur.
403 862 411 871 ’·
1115 863 1120 872 ’

333 1084 454 1144 Hieran
476 1083 609 1142 scilicaet
629 1082 692 1142 siclt
715 1082 761 1142 ein
776 1082 1006 1159 Zosataartslcel‚
1030 1086 1085 1144 der
1098 1084 1250 1160 'ebcnsolls
1271 1085 1303 1145 ia
1319 1086 1376 1146 ders
1392 1084 1590 1163 eiqeatlielsen
1606 1082 1666 1146 Sto·

211 1192 227 1246 5
253 1192 334 1244 tutan
353 1184 434 1244 aicit
454 1182 675 1260 naetqetrcpea
696 1181 751 1242 ist:

269 1336 317 1396 14.
337 1346 385 1394 ΒΕ
407 1343 630 1394 saocanaans
647 1304 697 1393 'DE
718 1347 799 1395 ALIA
821 1344 1078 1396 unwaasr'raea
1096 1346 1327 1396 vamnrlaus
1347 1348 1416 1396 VEL
1436 1347 1499 1409 Qm
1520 1348 1558 1397 nt
1578 1347 1652 1397 atu

454 1444 707 1494 unwnssl‘rara
728 1445 1166 1509 AUDIVERUNTOEOCIONES
1186 1444 1255 1494 VEL
1274 1447 1470 1496 sasamon.

317 1544 417 1611 JItem
436 1540 542 1609 nullus
564 1542 769 1610 baccalarius
789 1544 921 1611 veniens
943 1543 985 1610 de
1004 1543 1298 1611 alis·universitate
1317 1546 1505 1633 promoveri
1527 1543 1668 1611 debetad

252 1643 390 1733 gradum
404 1642 583 1730 magisterii
600 1643 635 1707 in
655 1643 790 1727 artibus,
810 1645 873 1731 nisi
894 1645 985 1735 prius
1008 1647 1132 1710 steterit
1150 1645 1185 1710 in
1203 1645 1268 1710 ista
1287 1646 1499 1711 universitate
1518 1643 1563 1710 ad
1574 1646 1667 1709 minus

211 1755 311 1833 10per
337 1741 508 1809 dimidium
537 1764 657 1807 annum
683 1750 716 1807 et
736 1741 910 1811 dummodo
938 1743 1134 1810 sufficientes
1153 1744 1402 1810 informaciones
1422 1745 1539 1811 fecerit
1558 1742 1598 1810 ds
1619 1766 1666 1809 au·

254 1843 380 1911 dicione
400 1841 557 1910 librorum
576 1842 611 1908 in
630 1839 695 1907 alia
713 1843 934 1911 universitate.

800 2004 1132 2036 -p-s———u—

334 2129 429 2189 Dana
451 2129 490 2189 ist
511 2129 576 2190 eine
589 2129 670 2191 Seite
689 2132 751 2191 laer
759 2133 907 2210 'ochreca‘
915 2133 979 2192 aad
991 2129 1237 2209 darausbcpiaat
1250 2131 1399 2192 demate
1411 2131 1462 2192 die
1475 2139 1555 2192 erate
1567 2131 1661 2192 Hasd:

316 2271 469 2364 [B1.40·]
492 2270 735 2366 Subscripta
760 2277 845 2365 legi
864 2277 1015 2344 debent
1034 2276 1337 2367 magistrandis
1358 2287 1545 2367 ternpore
1567 2277 1629 2344 ael·

569 2398 572 2404 ’
605 2377 822 2443 missionis
844 2384 939 2445 ante
955 2377 1081 2444 finem
1101 2376 1317 2463 examinis.-

214 2519 246 2575 15
444 2513 493 2576 15.
514 2525 624 2575 sarno
644 2526 873 2583 mannanruu
891 2528 940 2576 na
962 2526 1173 2577 osnnmncn
1193 2524 1239 2577 ar
1258 2525 1486 2601 auvmaucrs.

825 2645 887 2709 Vssl.
907 2647 1054 2710 Hauptstat.
1071 2647 1095 2699 t.
1310 2628 1313 2633 Ι

334 2756 434 2845 „Ego
446 2752 494 2824 Ν.
508 2759 580 2825 iuro
595 2756 691 2825 v'obis
711 2756 834 2826 decano
856 2750 888 2825 et
907 2760 1033 2825 vestris»
1047 2756 1289 2826 successoribus
1307 2761 1532 2827 reverenciam
1550 2758 1651 2826 stobe

254 2857 415 2925 dienoiam
438 2858 473 2922 in
493 2856 593 2923 licitis
615 2866 647 2923 et
667 2855 822 2943 honestis,
845 2867 877 2925 et
906 2880 1038 2925 servare
1058 2867 1233 2926 statuta-et
1252 2857 1426 2925 statuenda
1445 2880 1508 2947 pro
1528 2881 1615 2948 posse
1629 2868 1650 2922 et

254 2980 358 3041 nosse,
386 2966 419 3023 et
439 2978 616 3044 procurare
642 2954 763 3034 bonum
786 2957 966 3026 facultatis..
1002 2957 1059 3025 Sic
1085 2962 1139 3023 me'
1165 2956 1244 3023 deus
1268 2957 1402 3025 adiuvet
1418 2969 1468 3051 et
1488 2968 1596 3026 sancta
1613 2957 1648 3022 dei

210 3056 467 3145 wewangelia“
592 3088 595 3093 -
1105 3061 1108 3077 “

475 3250 478 3255 ,
566 3178 614 3240 16.
636 3189 683 3238 us
704 3160 908 3241 summano
930 3189 1094 3241 canrosa
1114 3188 1342 3241 anmssmrua

478 3300 481 3307 ’
808 3292 869 3360 Vgl.
891 3293 1040 3359 Hauptstat.
1061 3291 1118 3361 53.1

332 3388 427 3478 „Ego
446 3390 496 3455 .N.
511 3389 592 3472 iuro,
612 3388 701 3476 quod
720 3390 808 3475 infra
828 3412 947 3456 annum
969 3412 990 3455 a
1009 3389 1073 3463 fine
1093 3391 1264 3474 examinis,
1288 3392 1316 3458 si
1336 3390 1499 3458 admissus
1520 3390 1644 3475 fueruit

251 3491 314 3555 ista
334 3491 545 3557 universitate
565 3491 599 3555 in
621 3488 745 3555 artibus
771 3491 915 3578 incipere
943 3488 1057 3574 velim,
1084 3490 1148 3555 nisi
1175 3493 1349 3557 terminum
1368 3515 1389 3557 a
1417 3492 1567 3558 facultate
1586 3488 1643 3557 obti-

209 3597 350 3655 tinuero
370 3587 567 3676 longiorem
588 3591 666 3654 item
689 3587 775 3674 quod
795 3612 859 3655 non
881 3588 977 3655 velim
998 3590 1142 3677 incipere
1163 3590 1227 3656 nisi
1231 3592 1340 3678 petito
1353 3590 1469 3657 favore
1481 3614 1502 3657 a
1518 3589 1643 3657 facultate

250 3689 374 3754 arcium
403 3699 435 3754 et
461 3687 607 3770 obtent03
632 3688 711 3754 item
739 3682 826 3776 quod
852 3689 939 3755 infra
966 3688 1162 3775 quindenam
1189 3713 1210 3755 a
1236 3690 1301 3756 tine
1327 3691 1490 3756 examinis
1518 3683 1641 3757 velimxl

248 3811 379 3875 grossos
399 3810 502 3854 novos
524 3786 649 3853 solvere
671 3787 818 3853 facultati
838 3787 891 3854 vel
912 3786 993 3854 duos
1018 3787 1157 3855 florenos
1177 3812 1353 3877 reynenses
1374 3799 1417 3874 et,
1431 3791 1560 3857 interim
1580 3783 1641 3877 quod

248 3889 354 3974 grossi
377 3896 451 3952 sunt
468 3886 617 3953 meliores
631 3887 772 3970 florenis,
793 3910 925 3975 grossos
945 3887 1068 3954 solvere
1079 3887 1186 3972 velim,
1208 3889 1272 3953 nisi
1290 3912 1311 3954 a
1330 3889 1485 3956 facultate
1502 3889 1641 3956 obtinuero

249 4010 360 4052 eorum
383 3986 603 4052 dimissionem
616 3985 668 4051 vel
690 3985 881 4052 dilacionem
901 3986 1133 4053 ael-terminum
1154 3988 1450 4074 longiorempitem
1467 3989 1552 4077 quod
1568 3986 1640 4054 velim

207 4085 377 4151 30solvere
396 4108 496 4152 unum
516 4085 674 4152 florenum
697 4107 757 4172 pro
777 4086 856 4155 fisco
875 4087 1112 4170 universitatis,
1132 4088 1208 4151 item
1224 4087 1311 4173 quod
1326 4110 1391 4154 non
1406 4087 1505 4155 velim
1524 4089 1641 4175 incipea

248 4187 311 4251 nisi
334 4186 459 4272 signeto
484 4183 594 4251 habito
617 4207 638 4249 a
659 4175 809 4268 decan03'
823 4187 904 4251 item
929 4184 1016 4272 quod
1040 4208 1106 4252 non
1127 4186 1223 4251 velim
1250 4181 1641 4255 avrecommendacioueli

247 4286 462 4351 centiatorum
481 4306 533 4350 me
557 4284 738 4368 absentare,
760 4286 825 4351 nisi
843 4283 1070 4351 rationabilem
1086 4288 1219 4351 eausam
1235 4284 1390 4370 habuero,
1411 4308 1510 4376 quam
1522 4281 1639 4355 iacnt&

246 4407 429 4472 proponam
446 4393 478 4450 et
496 4384 642 4450 favorem
665 4382 838 4451 absenciae
858 4383 1021 4453 obtineam
1044 4384 1086 4451 ab
1105 4383 1250 4451 eadem.“

328 4538 394 4600 Der
413 4537 517 4617 saepe
541 4537 626 4598 lircil
645 4539 700 4598 der
721 4537 800 4599 Seite
820 4538 860 4599 ist
880 4540 941 4600 laer
961 4539 1118 4618 potetates

204 4710 238 4768 35
273 4708 319 4770 17.
342 4698 402 4790 [Bl.
423 4697 496 4789 40¹³]
519 4718 566 4767 ua
587 4716 790 4767 messmam
812 4694 1046 4769 moraremur
1068 4716 1232 4768 canrosa
1254 4715 1453 4768 rsrrrrorus
1474 4713 1617 4770 rasores

720 4814 911 4867 nummum
931 4817 955 4866 r
974 4816 1189 4868 rrounrsrn.

805 4918 865 4984 Vgl.
883 4920 1031 4985 Hauptstat
1049 4920 1089 4972 tt.

325 5032 408 5099 Item
428 5033 549 5100 iurabit
568 5032 810 5121 magistrandus
830 5044 974 5121 tempore
994 5033 1191 5122 inceptionis
1212 5041 1245 5099 st
1261 5042 1417 5121 tempore,
1438 5054 1502 5124 qno
1517 5034 1632 5100 favorem

246 5132 421 5221 incipiendi
441 5134 476 5198 in
499 5133 624 5201 artibus
645 5157 666 5199 a
685 5132 838 5201 facultate
856 5132 1030 5203 obtinebit:
