3756 6158
737 442 788 492 Dis
807 442 1027 507 philosophische
1045 444 1174 496 Facultit.

544 629 573 689 7.
591 640 639 688 Dli
658 638 855 690 usserman
875 639 1154 692 numerosus!
1174 641 1242 691 PER
1263 639 1412 697 toarcis.

327 755 409 819 Item
436 753 479 818 ad
509 753 723 820 claudendum
742 757 830 821 viam
849 757 1054 843 quarundam
1071 757 1294 845 suspicionum
1316 757 1441 846 placet,
1470 768 1508 825 ut
1537 759 1661 826 inantea

248 854 486 919 examinatores
520 875 579 940 per
614 862 734 919 sortem
766 855 938 943 eligantur.
978 857 1016 924 In
1049 879 1114 945 qna
1141 866 1229 923 sorte
1258 866 1345 922 stare
1371 867 1524 924 tenentur
1552 860 1663 945 singuli

249 953 397 1039 magistri
419 951 604 1018 deconsilic
623 952 786 1020 facultatis
806 956 841 1021 in
860 958 1071 1023 universitate
1082 965 1221 1044 protunc
1234 956 1405 1022 actualiter
1421 967 1662 1041 commorantes,

204 1063 223 1120 5
251 1053 311 1119 sub
333 1073 439 1138 poena
460 1045 628 1121 carenciae
649 1053 939 1140 emolimentorum,
967 1079 1051 1143 quae
1077 1055 1157 1144 ipsis
1178 1077 1238 1142 pro
1260 1054 1374 1122 eadem
1404 1057 1478 1123 vice
1508 1079 1552 1122 ex
1580 1067 1664 1144 parte

246 1153 392 1219 nacionis
415 1175 435 1218 a
456 1151 685 1240 promovendis
707 1163 840 1242 possent
859 1157 1041 1243 provenire.

657 1341 686 1406 8.
705 1354 752 1403 ns
773 1354 1002 1406 rsouomoun
1022 1353 1307 1405 memorosum

330 1485 424 1568 Item,
445 1494 482 1549 ut
504 1485 623 1551 caritas
645 1493 677 1550 et
689 1486 838 1552 amicicia
851 1487 935 1552 inter
950 1485 1125 1574 magistros
1140 1508 1178 1552 eo
1200 1484 1339 1574 amplius
1361 1484 1534 1569 habeatur,
1556 1485 1662 1574 placet,

245 1595 281 1652 ut
309 1584 352 1650 de
371 1584 479 1650 cetero
493 1604 611 1649 omnes
630 1586 877 1672 promovendi
868 1609 902 1651 ιιι
923 1585 1049 1653 artibus
1073 1598 1094 1650 a
1121 1585 1288 1672 magistris
1315 1595 1573 1674 promoveantur
1600 1609 1664 1675 pro·

208 1696 241 1753 10
249 1707 341 1773 prise
367 1682 522 1749 nacionis.
564 1681 614 1748 Sit
641 1693 750 1750 tamen
774 1686 994 1773 unusquisque
1021 1683 1105 1752 liber
1123 1683 1169 1752 ad
1189 1682 1372 1772 eligendum
1394 1707 1436 1753 ex
1458 1683 1541 1770 hiis,
1567 1707 1664 1825 quem·

245 1805 375 1872 cunque
395 1804 455 1871 pro
479 1804 536 1848 suo
557 1764 698 1858 voluerit
718 1792 957 1873 promotore
929 1786 938 1827 ¹

626 1973 654 2034 9.
681 1985 729 2033 ns
750 1948 900 2035 rucuma
920 1985 1040 2034 ornos
1059 1983 1340 2035 ruoucromeus.

332 2099 431 2182 Item,
464 2107 500 2163 ut
532 2100 775 2186 promocionum
808 2100 843 2165 ih
877 2100 1001 2175 artibus
1035 2109 1189 2169 consueta
1218 2122 1284 2167 non
1313 2098 1400 2167 desit
1429 2107 1487 2166 aut
1508 2098 1665 2167 decrescat

253 2198 450 2281 solemnitas,
471 2196 589 2286 placet,
612 2207 647 2264 ut
666 2196 801 2286 quilibet
822 2197 1061 2286 promovendus
1080 2199 1115 2264 in
1135 2197 1270 2283 artibus,
1292 2199 1322 2264 si
1335 2199 1379 2265 sit
1391 2196 1664 2282 baccalariandus,

209 2310 240 2366 1⁵
251 2298 347 2381 duos,
370 2298 496 2364 sivero
517 2296 759 2384 magistrandus
770 2347 779 2381 ,
801 2307 939 2387 quatuor
962 2297 1102 2365 florenos
1121 2298 1156 2364 in
1177 2320 1256 2365 auro
1277 2307 1424 2385 tempore
1446 2320 1527 2365 suae
1547 2321 1663 2387 prome

249 2399 351 2464 aionis
380 2395 423 2461 ad
455 2395 643 2463 cathedram
670 2419 729 2464 suo
762 2395 817 2462 det
844 2397 1030 2485 promotori.
1074 2395 1140 2464 Sed
1168 2399 1197 2462 si
1225 2396 1309 2486 quid·
1336 2420 1377 2467 ex
1408 2396 1578 2485 legalitate
1612 2420 1663 2486 pro

248 2498 369 2564 honore
400 2517 457 2561 suo
490 2494 543 2560 vel
569 2496 715 2562 nacionis
744 2517 980 2583 supererogare
1000 2496 1195 2582 decreverit,
1224 2519 1302 2573 suae
1321 2496 1517 2590 relinquitur
1537 2489 1662 2563 arbitrio

249 2597 434 2662 voluntatis.
473 2592 518 2660 Et
543 2594 605 2661 hoc
630 2594 672 2660 de
699 2593 893 2661 habentibus
926 2594 1135 2685 intelligatur.
1175 2546 1273 2662 Idunc
1293 2605 1400 2663 autem
1421 2606 1556 2683 reputat
1574 2595 1663 2679 facul·

248 2703 300 2762 tas
321 2693 511 2779 habentem,
539 2696 596 2781 qui
617 2716 681 2760 non
703 2695 839 2761 servivit
866 2716 927 2760 nec
947 2695 981 2761 in
1003 2694 1175 2763 serviendo
1196 2694 1324 2763 addidit
1344 2705 1382 2762 et
1397 2695 1562 2839 signatum
1581 2674 1663 2763 rede

204 2797 309 2861 tomit
328 2793 498 2861 facultatis.

425 2985 473 3046 10.
501 2994 548 3042 ns
569 2991 841 3043 nmrumumorus
861 2992 1033 3043 cucumin
1055 2984 1172 3043 usrsn
1190 2996 1213 3043 s
1234 2966 1494 3047 raonovnunrs.
1523 2983 1527 2988 ’

331 3126 413 3192 Item
434 3126 478 3193 ad
498 3129 654 3193 maiorem
674 3126 826 3192 unionem
847 3110 1077 3212 magistrorum
1099 3125 1293 3193 firmandam
1314 3126 1442 3215 placet,
1467 3137 1504 3194 ut
1525 3129 1662 3216 pecunia,

250 3248 336 3314 quae
358 3225 401 3291 ad
431 3226 619 3293 cathedram
650 3247 671 3290 a
701 3218 929 3312 promovendis
961 3220 1149 3309 exhibetur,
1184 3227 1219 3317 in
1248 3224 1392 3314 qualibet
1419 3229 1561 3296 nacione
1591 3231 1663 3295 inter

246 3326 422 3412 magistros
441 3325 483 3394 de
504 3323 638 3392 concillo
667 3323 831 3405 facultatis
852 3324 1032 3412 aequaliter
1054 3320 1227 3391 dividatur.

206 3515 240 3574 25
541 3515 588 3575 tl.
616 3513 663 3572 nis
684 3523 940 3573 o1s1³ursr1orus
966 3523 1141 3572 nxssmcn
1162 3524 1423 3576 umrsrmsrcsn.

332 3656 430 3739 Item,
453 3643 529 3743 quia
549 3657 665 3722 notitia
683 3654 959 3743 methaphisicalis
980 3656 1088 3744 primo
1110 3665 1142 3722 et
1162 3658 1387 3746 principaliter
1408 3662 1550 3747 gradum
1572 3663 1663 3749 magi·

252 3756 408 3839 stralem2,
429 3754 546 3842 placet,
566 3765 605 3820 ut
625 3755 755 3820 inantea
777 3756 972 3820 exercicium
993 3755 1247 3844 methaphisicae
1269 3758 1405 3845 singulis
1427 3762 1524 3828 annis
1544 3785 1566 3827 a
1586 3765 1663 3850 prin·

251 3856 336 3942 cipio
357 3877 459 3943 usque
487 3854 530 3921 ad
550 3855 647 3920 linem
667 3856 701 3919 in
721 3856 933 3921 universitate
947 3876 968 3919 a
982 3855 1247 3929 vicecancellario
1260 3878 1320 3944 pro
1332 3867 1480 3951 tempore
1502 3864 1663 3944 constituto

250 3954 447 4040 disputetur3
477 3953 565 4042 quod
592 3963 667 4043 post
699 3954 815 4019 festum
845 3952 988 4043 paschae
1020 3953 1150 4021 inchoet
1181 3963 1214 4020 et
1241 3953 1284 4021 ad
1304 3959 1511 4048 apercionem'
1531 3961 1663 4050 proximi

208 4055 471 4143 totemptaminis
492 4054 655 4121 continuet
676 4052 864 4140 diligenter3
886 4077 946 4141 pro
965 4076 1028 4142 quo
1043 4076 1133 4120 more
1155 4053 1248 4121 solito
1271 4055 1406 4142 quilibet
1429 4059 1661 4146 magistrandus

252 4152 357 4219 solvat
376 4159 395 4219 2
416 4154 505 4237 flor.;
536 4155 646 4242 ipsum
673 4152 761 4239 quod
791 4175 812 4217 a
839 4153 1001 4242 principio
1028 4151 1071 4218 ad
1098 4151 1194 4220 finem
1224 4155 1336 4222 audiat
1361 4156 1517 4225 studiose.
1559 4159 1623 4226 Sed
1639 4160 1689 4226 si.

250 4255 321 4342 quis
345 4253 549 4319 audienoium
561 4276 596 4319 se
612 4252 815 4340 temptamini
832 4252 1032 4331 summittere
1048 4250 1188 4318 voluerit
1207 4252 1265 4319 illa
1285 4256 1368 4341 vice,
1389 4254 1445 4322 det
1465 4252 1660 4326 medietatem

248 4364 378 4441 pastus,
402 4355 430 4418 si
449 4354 547 4419 luerit
566 4350 770 4437 insolvend03
792 4361 823 4418 et
844 4354 873 4417 si
896 4350 971 4417 talis
992 4373 1076 4417 anno
1099 4351 1226 4419 evoluto
1249 4377 1284 4420 se
1306 4355 1449 4421 examini
1472 4361 1659 4424 summittere

246 4450 385 4518 voluerit
406 4462 463 4519 aut
484 4453 680 4537 decreverit,
715 4451 770 4518 det
796 4451 892 4518 aliam
913 4450 1119 4519 medietatem
1141 4460 1155 4520 1
1178 4452 1290 4523 floren.
1318 4456 1587 4524 vicecancellario
1606 4478 1657 4546 pro

205 4561 394 4638 ³5tempore
413 4553 573 4621 exmtenti

277 5026 289 5076 l
308 5022 362 5075 Am
380 5021 489 5076 Raude:
514 5037 570 5073 aea
583 5019 678 5089 placat
691 5018 860 5090 sinaplics'ter.
883 5081 886 5088 Ι

275 5109 291 5160 2
310 5103 348 5158 Es
368 5104 437 5159 fehlt
455 5105 506 5160 das
523 5102 645 5159 Verbum
661 5103 781 5174 respicit,
800 5120 821 5157 s.
842 5107 927 5157 unten
944 5100 973 5156 in
988 5102 1050 5161 dem
1067 5101 1209 5160 Eutwurfe
1226 5121 1280 5162 von
1300 5111 1372 5169 1446.
