3756 6158
250 482 310 546 236
817 483 871 531 Das
890 481 978 532 klcinc
997 482 1100 545 Colleg.

250 661 365 748 byteri,
392 671 457 726 tres
481 662 611 748 vigilias
634 685 705 756 cum
727 686 842 728 novem
865 663 1056 730 lectionibus
1079 665 1186 729 dicero
1208 673 1376 730 teneantur
1398 677 1430 730 et
1450 667 1515 730 sint
1537 665 1670 730 astricti.

248 761 408 827 Absentes
435 784 514 826 vero
544 784 642 848 quam
671 763 812 849 primum
839 763 883 828 ad
912 763 1081 850 collegium
1112 764 1268 829 redierint
1296 761 1327 851 [9
1335 762 1361 850 ¹²]
1391 774 1447 830 aut
1474 766 1557 851 ipsis
1585 787 1670 830 mors

250 861 385 927 alicuius
409 860 592 947 significata
613 862 724 945 luerit,
744 861 787 927 ad
808 862 893 927 idem
914 864 1001 928 infra
1021 885 1164 928 mensem
1185 863 1325 928 debcant
1345 886 1416 928 esse
1436 863 1583 951 obligati.

248 1033 297 1094 30.
326 1044 422 1105 onon
444 1044 616 1112 rumosam,
644 1047 716 1095 non
736 1047 918 1095 nnsnnrns
937 1047 1085 1113 sunssn,
1110 1048 1297 1096 ramnum
1317 1046 1454 1127 ronnas
1476 1047 1616 1096 suasnu
1637 1047 1671 1094 ru

206 1137 222 1189 5
711 1145 864 1206 coquum
885 1131 1206 1195 counucmroauu.¹

329 1261 410 1325 Item
430 1260 616 1326 conclusum
637 1261 698 1326 fuit
718 1263 921 1328 concorditer
943 1284 1002 1351 per
1024 1284 1134 1328 omnes
1154 1263 1328 1348 magistros
1350 1262 1521 1362 collegium
1540 1286 1670 1352 reprae

248 1369 419 1445 sectantes,
443 1360 530 1449 quod
552 1360 615 1426 duo
636 1362 784 1447 magistri
806 1362 948 1428 iuniores
973 1385 1039 1428 non
1067 1361 1234 1444 sallariati,
1261 1363 1289 1427 si
1314 1385 1374 1450 per
1401 1386 1435 1428 se
1461 1386 1528 1428 non
1556 1377 1674 1451 regant

248 1461 389 1542 bursam
419 1462 483 1524 sint
511 1461 636 1526 astricti
664 1461 706 1526 ad
736 1460 923 1548 ponendum
951 1463 1109 1548 integram
1137 1460 1269 1526 bursam
1298 1464 1332 1526 in
1359 1463 1496 1550 coquina
1521 1461 1672 1549 collegia·

247 1571 353 1625 torum
381 1583 454 1624 cum
482 1559 554 1624 aliis
580 1562 748 1647 magistris
776 1559 961 1626 sallariatis.
1000 1561 1045 1625 Et
1073 1563 1100 1626 si
1126 1584 1208 1625 unus
1237 1584 1347 1626 eorum
1377 1562 1500 1627 rexerit
1528 1561 1672 1646 bursam,

209 1671 239 1726 10
247 1671 323 1725 tunc
345 1659 427 1725 alter
445 1682 510 1725 non
530 1682 646 1747 regens
668 1662 710 1725 sit
729 1659 892 1746 obligatus
914 1660 956 1724 ad
977 1661 1169 1748 positionem
1193 1663 1339 1748 integrae
1359 1661 1488 1746 bursae,
1511 1671 1549 1727 ut
1571 1686 1671 1750 supra

251 1770 371 1825 tactum
393 1768 450 1825 est.
494 1758 591 1840 Quod
618 1761 647 1824 si
674 1760 887 1842 confecerit,
914 1783 977 1847 quo
1004 1759 1047 1825 ad
1068 1783 1183 1826 census
1205 1783 1408 1826 camerarum
1436 1760 1556 1828 absens
1578 1784 1670 1850 repu-

247 1859 380 1925 tabitiu.

793 2012 1126 2024 ———-——--

330 2199 389 2256 Dic
415 2218 478 2258 aaa
494 2201 659 2277 folgenden
685 2199 801 2259 Artabri
823 2199 894 2259 sind
912 2206 984 2276 fast
1011 2197 1175 2257 sdmmtlicd
1200 2216 1258 2256 oon
1284 2198 1514 2258 verscdicdenca
1537 2200 1672 2259 flauam

246 2298 442 2374 qesctricbca.
1129 2325 1135 2336 ·

208 2453 238 2508 15
330 2450 378 2511 31.
407 2444 545 2532 Insuper
567 2444 715 2511 doctores
737 2453 770 2509 et
790 2445 937 2531 magistri
953 2444 1048 2510 huius
1070 2444 1207 2530 collegii,
1229 2443 1440 2525 attendentes,
1465 2466 1577 2531 ymmo
1598 2468 1671 2511 ocu·

247 2543 359 2608 lariter
386 2554 417 2610 et
444 2544 582 2632 provide
603 2544 851 2631 conspicientes,
878 2544 992 2610 domus
1015 2553 1048 2609 et
1073 2553 1253 2609 structuras
1274 2544 1455 2629 praesentis
1479 2543 1611 2631 collegii
1630 2568 1671 2610 ex

247 2647 401 2731 temporis
430 2667 528 2709 cursu
555 2653 586 2708 et
611 2653 770 2708 vetustate
796 2645 830 2708 in
855 2643 1019 2732 plerisque
1046 2643 1127 2709 locis
1154 2641 1288 2708 tendere
1315 2643 1358 2708 ad
1384 2644 1523 2726 ruinam,
1554 2643 1670 2732 quibus

247 2743 378 2831 quidem
398 2742 498 2809 ruinis
518 2765 590 2807 cum
613 2742 654 2808 de
676 2743 826 2809 censibus
849 2753 880 2808 et
901 2742 1111 2830 proventibus
1134 2741 1271 2829 collegii,
1300 2746 1356 2830 qui
1376 2741 1552 2809 admodum
1574 2745 1670 2830 pauci

248 2837 410 2909 attenues
433 2854 515 2925 sunt,
535 2844 600 2929 ipsi
622 2865 809 2908 succurrere
830 2864 895 2908 non
916 2852 1058 2930 possent,
1081 2839 1178 2930 [10⁸]s
1204 2840 1326 2906 idcirco
1351 2860 1411 2928 pro
1435 2848 1671 2908 structurarum

205 2941 432 3009 20buiusmodi
460 2944 633 3008 refectione
655 2952 686 3008 et
711 2945 948 3009 restauratione
973 2943 1167 3008 unanimiter
1189 2949 1221 3005 et
1244 2940 1331 3006 nullo
1358 2940 1568 3028 discrepante
1596 2964 1669 3008 con·

248 3040 424 3126 cluserunt,
454 3042 685 3108 ordinaversnrt
710 3051 742 3107 ct
770 3051 965 3126 statuerunt,
997 3041 1082 3130 quod
1109 3039 1244 3129 quilibet
1264 3041 1498 3127 magistrorum¹
1517 3039 1670 3129 deinceps

245 3143 279 3207 in
301 3140 507 3229 collegiatum
528 3141 624 3207 huius
652 3141 780 3228 collegii
806 3141 927 3207 electus
955 3151 986 3206 et
1014 3149 1200 3227 assumptus
1222 3133 1353 3226 praeter
1382 3162 1554 3223 summam,
1584 3150 1669 3206 ante

248 3242 367 3306 cessari
389 3264 447 3308 suo
469 3241 621 3324 debitam,
644 3240 784 3306 sedecim
806 3241 946 3306 florenos
967 3263 1119 3306 renenses
1139 3241 1173 3303 in
1194 3262 1273 3305 auro
1287 3240 1374 3305 infra
1392 3240 1513 3305 mensis
1529 3241 1669 3327 spatium

246 3340 289 3405 ad
314 3339 471 3406 fabricam
499 3363 556 3405 seu
582 3339 696 3406 fiscum
727 3339 868 3427 collegii,
901 3341 960 3407 sub
990 3362 1094 3427 poena
1124 3339 1294 3404 carenciae
1315 3337 1604 3405 emolumentorum
1630 3362 1670 3405 ex

205 3440 383 3527 ltcollegio
404 3441 672 3529 provenientium,
694 3440 899 3506 contribuere
918 3452 950 3506 et
970 3438 1156 3526 persolvere
1178 3446 1327 3503 teneatur
1347 3448 1378 3502 et
1400 3440 1443 3502 sit
1465 3441 1628 3505 astrictus.

330 3546 379 3608 32.
412 3540 507 3606 Anno
536 3539 658 3605 domini
685 3540 853 3606 millesimo
888 3539 1205 3628 quadringentesimo
1235 3542 1307 3613 (sic)
1337 3550 1430 3601 sexto
1461 3538 1515 3603 die
1544 3537 1671 3603 sabatbi

246 3638 417 3705 undecima
444 3641 564 3704 mensis
585 3639 658 3704 Iulii
687 3645 780 3717 (1506
802 3646 830 3703 d.
854 3646 899 3705 11.
920 3643 998 3715 Juld
1027 3637 1173 3703 doctores
1195 3646 1226 3701 et
1244 3638 1392 3723 magistri
1413 3636 1510 3702 huius
1533 3636 1671 3723 collegii,

247 3741 411 3824 antiquam
443 3738 684 3804 observantiam
718 3747 749 3803 et
781 3738 1044 3804 consuetudinem
1072 3745 1275 3818 renovantes,
1309 3735 1515 3814 concorditer
1545 3736 1670 3801 conclu·

247 3847 371 3920 serunt,
401 3838 486 3926 quod
508 3837 661 3923 deinceps
683 3836 819 3927 quilibet
839 3836 1081 3923 collegiatorum
1102 3835 1256 3902 recedens
1280 3844 1311 3901 et
1333 3835 1376 3900 ad
1396 3844 1526 3923 tempus
1548 3834 1670 3923 aliquot

205 3935 366 4002 30abscns
399 3947 536 4024 quatuor
568 3939 773 4024 septimanis,
806 3947 924 4002 extunc
955 3936 1140 4000 immediate
1173 3934 1396 4022 sequentibus,
1430 3936 1473 3999 sit
1504 3936 1670 4022 particeps

246 4035 326 4099 lucri
354 4059 396 4100 ex
424 4037 581 4102 cerevisia
607 4059 645 4103 eo
671 4047 816 4123 tempore
844 4036 1075 4125 provenientis,
1106 4057 1178 4100 cum
1199 4036 1263 4099 ista
1283 4033 1484 4116 limitatione,
1511 4033 1611 4121 quod,
1640 4035 1667 4098 si

246 4135 320 4200 talis
350 4146 424 4223 post
451 4139 606 4223 temporis
635 4139 787 4224 spatium,
816 4136 930 4201 eodem
959 4131 1045 4222 [qqiq
1076 4144 1184 4200 tamen
1212 4156 1307 4215 anne,
1332 4146 1483 4220 reversus
1511 4132 1611 4198 fuerit
1640 4143 1670 4197 et

246 4233 374 4299 demum
396 4247 469 4301 ante
491 4235 588 4301 finem
609 4237 752 4301 eiusdem
775 4238 851 4302 anni
872 4237 987 4299 iterato
1008 4235 1188 4315 recesserit,
1217 4232 1303 4322 quod
1326 4242 1445 4298 extunc
1465 4242 1543 4319 post
1562 4231 1668 4298 huius·

246 4334 333 4401 modi
361 4335 536 4401 secundum
564 4358 725 4401 recessum
755 4334 795 4400 de
822 4335 912 4400 lucro
940 4344 1107 4421 praetacto
1134 4342 1260 4420 partem
1289 4332 1432 4419 aliquam
1458 4330 1583 4396 habere
1608 4353 1669 4396 non

204 4436 373 4518 35debeat,
394 4446 491 4523 prout
511 4436 609 4500 etiam
630 4445 726 4500 antea
747 4457 819 4499 cum
840 4434 1002 4521 plerisque
1023 4432 1210 4498 doctoribus
1239 4442 1271 4497 et
1292 4432 1458 4518 magistris
1482 4428 1670 4497 absentibus

249 4537 355 4599 extitit
378 4537 594 4622 practicatum
615 4543 648 4598 ct
670 4534 887 4600 observatum.

328 4641 377 4702 33.
404 4635 499 4699 Anno
521 4633 643 4699 domini
668 4640 745 4700 1507
768 4634 839 4721 ipso
861 4632 914 4698 die
935 4633 1039 4697 sancti
1060 4629 1192 4716 Aegidii
1214 4635 1311 4714 (1507
1334 4636 1364 4692 d.
1388 4637 1412 4695 l.
1435 4629 1618 4715 δφιεηιόεν)
1636 4630 1667 4694 in

245 4733 379 4819 speciali
402 4734 633 4799 convocatione
654 4731 780 4818 collegii
809 4732 851 4797 ad
872 4731 934 4797 hoc
959 4731 1055 4812 facta
1076 4739 1112 4794 ut
1131 4752 1198 4816 pax
1220 4738 1252 4794 et
1273 4728 1449 4796 concordia
1470 4731 1556 4795 inter
1577 4728 1664 4796 colle·

245 4832 348 4916 giatos
369 4832 464 4898 huius
486 4831 614 4919 collegii
634 4831 833 4912 observetur,
863 4829 1049 4895 conclusum
1069 4829 1130 4893 luit
1151 4828 1364 4911 concorditer,
1385 4838 1423 4894 ut
1442 4827 1552 4894 nullus
1574 4826 1660 4894 colle-

205 4931 352 5017 togiatus
368 4933 466 4997 alium
484 4929 699 5017 collegiatam,
721 4932 790 4996 sive
810 4931 845 4995 in
865 4929 1001 5015 collegio
1015 4930 1084 4993 sive
1099 4939 1203 5011 extra,
1226 4930 1295 4993 sive
1309 4927 1439 5015 publice
1453 4929 1524 4993 sive
1539 4925 1661 5007 occidte,

233 5145 235 5149 ⁷
324 5172 335 5221 l
354 5164 453 5220 Disser
470 5163 581 5221 Artikel
597 5164 635 5220 ist
653 5168 754 5237 apater,
770 5162 843 5221 doch
858 5162 932 5220 noch
949 5180 1004 5219 von
1021 5161 1105 5219 Fabri
1123 5161 1217 5232 selbst,
1234 5161 1462 5235 nacbgctragen..
