3756 6158
237 472 297 537 408
726 469 777 520 Die
800 468 1023 533 philosophische
1040 470 1168 522 Facultit.

237 655 307 721 eius
327 652 547 722 incarceratus
567 650 680 735 fuerit,
702 651 754 718 vel
778 652 806 717 si
834 651 985 740 publicus
1011 653 1252 719 meretricarius
1280 654 1395 738 merit,
1426 654 1552 721 scilieet
1578 655 1662 745 qnod

237 757 271 820 in
293 753 389 818 domo
408 749 618 818 habitationis
641 775 719 819 suae
740 751 908 818 mulierem
929 760 1114 838 suspectam
1135 750 1267 840 publice
1293 755 1450 836 tenuerit,
1472 754 1526 821 vel
1548 753 1592 820 ad
1612 779 1661 821 co·

236 852 369 920 modum
389 849 511 916 bursae
533 874 612 916 suae
629 851 727 917 talem
747 851 980 935 introduxerit,
1001 849 1054 916 vel
1084 851 1150 917 alia
1178 852 1273 919 domo
1302 875 1359 919 sen
1387 853 1587 922 domuncula
1611 856 1662 921 vel

237 950 376 1019 comodo
393 951 557 1015 meretrici
579 951 730 1038 publicae
750 951 803 1017 vel
825 945 1051 1017 meretricibus
1074 950 1213 1039 publicis
1236 963 1446 1020 conversatus
1475 955 1591 1039 snserit,
1612 957 1662 1022 vel

194 1065 211 1119 5
240 1054 275 1119 in
296 1049 526 1118 collacionibus
549 1061 604 1116 aut
621 1051 786 1140 prandiis,
808 1051 866 1118 ubi
892 1050 989 1116 talem
1016 1050 1069 1116 vel
1095 1051 1176 1118 tales
1203 1074 1275 1118 esse
1302 1054 1452 1138 sciverit,
1472 1048 1592 1139 fuerit,
1612 1056 1661 1121 vel

236 1151 344 1219 locum
374 1157 577 1236 suspectum,
604 1150 756 1217 videlicet
782 1149 1015 1239 prostibulum,
1043 1150 1241 1236 visitaverit,
1270 1160 1302 1218 et
1331 1153 1373 1219 de
1400 1153 1462 1221 hoc
1496 1155 1660 1222 convictus

237 1251 291 1318 vel
319 1248 485 1316 confessus
514 1249 565 1314 vel
592 1273 651 1337 per
678 1261 907 1317 conventorern
937 1258 1071 1341 propter
1097 1249 1184 1317 hunc
1217 1261 1249 1316 et
1276 1252 1452 1340 quemlibet
1480 1254 1582 1336 alium
1610 1278 1660 1320 ex·

241 1374 368 1419 cessum
390 1349 431 1414 de
452 1348 552 1414 bursa
575 1373 633 1415 sua
654 1350 808 1439 expulsus
829 1352 945 1433 fuerit,
958 1348 1011 1414 vel
1031 1349 1065 1412 in
1087 1349 1270 1437 prostibulo
1291 1353 1344 1418 vel
1365 1363 1461 1419 extra
1479 1353 1612 1441 publice
1629 1376 1660 1420 se

239 1451 450 1539 percusserit,
471 1449 523 1514 vel
542 1449 590 1514 ibi
608 1440 782 1516 ulceratus
812 1457 853 1516 ex
879 1449 976 1538 culpa
1005 1471 1063 1513 sua
1089 1448 1187 1515 fuerit
1213 1461 1328 1540 captus
1350 1453 1402 1519 vel
1432 1453 1660 1541 deprehensus,

198 1550 291 1618 lovel
307 1548 363 1639 qui
381 1548 572 1627 adtaxillos
585 1550 620 1613 in
636 1548 781 1615 tabernis
795 1549 926 1637 publice
940 1548 1063 1631 luserit,
1082 1547 1135 1614 vel
1154 1549 1364 1617 hastiludium
1384 1554 1420 1618 in
1439 1553 1512 1620 foro
1535 1552 1660 1642 publica

239 1649 439 1733 exercuerit,
461 1648 514 1713 vel
536 1649 592 1736 qui
613 1648 724 1740 verbis
752 1638 917 1715 iniuriosis
945 1646 1086 1734 aliquem
1114 1650 1346 1736 magistrorum
1363 1651 1505 1740 publice
1532 1652 1659 1718 laeserit

239 1749 292 1816 vel
311 1751 419 1837 ipsum
439 1748 594 1826 iniuriose
618 1741 833 1835 percusserit,
854 1747 910 1817 vel,
932 1746 1053 1812 furtum
1075 1747 1128 1811 vel
1155 1745 1236 1815 alios
1264 1772 1434 1835 excessus,
1457 1775 1542 1840 quos
1568 1753 1657 1819 comi·

237 1857 326 1915 tatur
344 1848 480 1913 infamia
500 1846 553 1912 vel
574 1847 779 1931 scandalum,
801 1847 999 1913 commiserit
1017 1844 1069 1910 vel
1088 1852 1347 1935 'perpetraverit
1390 1849 1540 1932 Quorum
1559 1850 1658 1918 nullus

241 1950 355 2030 eciam,
377 1949 405 2012 si
428 1946 469 2012 de
491 1946 599 2034 aliquo
621 1946 863 2034 praedictorum
885 1966 1078 2011 excessuum
1096 1959 1266 2035 suspectus
1285 1949 1338 2015 vel
1357 1950 1536 2016 infamatus
1557 1951 1660 2033 fuerit

199 2048 304 2114 15nisi
329 2069 365 2112 se
393 2046 515 2112 detali
541 2068 600 2134 per
627 2070 719 2112 suum
743 2043 959 2135 iuramentum
984 2049 1239 2132 expurgaverit,
1254 2048 1298 2114 ad
1331 2072 1486 2134 examen,
1509 2059 1548 2116 nt
1573 2072 1658 2137 prae

239 2147 375 2212 missum
397 2155 455 2227 est,
477 2145 700 2231 aliquomodo
722 2145 920 2211 admittatur.

320 2245 402 2311 Item
429 2245 574 2326 decanus
599 2245 721 2310 nullum
747 2244 845 2311 debet
877 2241 1056 2309 inscribere
1085 2268 1145 2333 pro
1175 2248 1344 2330 examine,
1372 2249 1436 2313 nisi
1472 2248 1566 2335 prius
1600 2247 1658 2313 tale

237 2345 351 2416 fecerit
370 2345 602 2411 iuramentum:
632 2344 726 2430 „Ego
749 2345 797 2409 .N.
818 2345 907 2426 iuro,
930 2341 1016 2429 quod
1038 2365 1098 2409 nec
1124 2346 1252 2413 actione
1278 2369 1338 2412 nec
1363 2346 1500 2428 ultione,
1523 2345 1585 2413 nec
1605 2369 1658 2434 per

239 2467 291 2510 me
311 2467 372 2510 nec
393 2432 453 2531 per
480 2443 598 2527 alium,
620 2443 742 2510 directe
769 2443 823 2509 vel
844 2442 1021 2526 indirecte,
1050 2442 1152 2509 verbo
1179 2444 1232 2510 vel
1259 2446 1346 2512 facto
1372 2436 1426 2511 vel
1454 2446 1573 2534 quovis
1600 2445 1659 2512 alio

197 2543 336 2612 tomedo
346 2542 443 2609 velim
459 2565 511 2608 me
523 2542 701 2627 vindicare,
721 2543 750 2608 si
766 2538 965 2608 ad‘examen
980 2564 1045 2606 non
1062 2542 1217 2609 admittar
1235 2544 1288 2611 vel
1307 2546 1411 2611 eciam
1430 2555 1508 2632 post
1529 2564 1659 2612 muman

237 2645 372 2727 reicias,
393 2641 453 2708 sub
474 2664 579 2730 poena
601 2643 753 2730 periurii,
774 2642 861 2730 quod
882 2641 1138 2728 contrafaciant
1158 2643 1231 2731 ipso
1254 2645 1340 2710 facto
1361 2646 1513 2728 inerarro,
1536 2655 1569 2711 et
1590 2667 1657 2711 oen·

237 2753 306 2809 tum
334 2744 545 2826 florenorum,
567 2764 703 2829 quorum
730 2741 887 2821 medietas
917 2739 1015 2806 cedat
1038 2739 1102 2824 illi,
1129 2763 1225 2828 quem
1254 2743 1472 2827 sic'offendo,
1497 2743 1565 2823 alia
1578 2766 1657 2837 vero

239 2843 398 2910 medietas
420 2841 515 2907 cedat
534 2841 691 2907 facultati.
712 2858 718 2871 '⁴
735 2836 791 2908 Sic
811 2864 863 2907 rne
885 2841 965 2907 deris
986 2838 1122 2906 adiuvet
1141 2848 1174 2906 et
1194 2852 1308 2934 sancta
1329 2840 1382 2909 dei
1394 2842 1618 2932 .ewangelia.“

355 3033 402 3093 10.
422 3010 481 3091 “ns
503 3043 620 3092 rosas
637 3025 909 3099 nocueraucmu
928 3040 1199 3090 rumusculos
1219 3044 1266 3091 nr
1287 3029 1552 3094 nmsnrrouns.¹
1607 3051 1610 3056 ·

196 3170 230 3229 25
321 3161 403 3226 Item
423 3159 531 3224 nullus
552 3159 678 3225 actione
696 3156 750 3223 vel
770 3157 907 3240 ultione,
929 3154 992 3244 per
1009 3176 1045 3220 se
1063 3155 1116 3221 vel
1137 3170 1198 3245 per
1219 3158 1336 3243 alium,
1359 3158 1484 3225 directe
1502 3160 1555 3226 vel
1576 3161 1657 3227 indi·

238 3243 344 3344 recte,
366 3257 467 3325 verbo
489 3258 542 3324 vel
561 3259 647 3324 facto
671 3257 724 3324 vel
751 3278 942 3344 quoeunque
968 3232 1033 3319 dlis
1063 3249 1158 3321 modo
1181 3258 1317 3345 impetat
1344 3257 1398 3324 vel
1424 3258 1576 3325 molestet
1607 3259 1659 3326 ali·

240 3358 401 3449 quamde
428 3359 594 3445 magistris
614 3356 667 3422 vel
696 3354 974 3421 examinatoribus
1002 3375 1064 3440 pro
1094 3377 1149 3439 eo,
1178 3356 1265 3442 quod
1291 3358 1432 3444 aliquem
1460 3358 1502 3424 de
1529 3362 1597 3426 suis
1621 3359 1660 3425 ad

240 3453 377 3524 examen
391 3455 444 3521 vel
459 3457 596 3543 gradum
609 3453 847 3523 baccalariatus
859 3478 900 3519 ex
917 3476 1018 3519 causa
1039 3455 1228 3521 rationabili
1248 3480 1313 3528 non
1334 3457 1467 3545 admisit
1489 3458 1543 3523 vel
1563 3455 1659 3525 eciam

240 3558 377 3625 eundem
397 3559 491 3621 iuxta
511 3559 746 3623 conscienciam
764 3579 856 3621 suam
878 3565 910 3619 et
930 3556 1147 3619 iuramentum
1167 3557 1340 3644 impedivit
1357 3557 1411 3622 vel
1432 3567 1601 3647 tamquam
1618 3562 1659 3624 in·

198 3659 377 3744 ³0dignum
404 3657 526 3721 reiecit.
569 3657 775 3724 Contrarium
797 3657 921 3720 faciens
942 3652 1028 3718 ultra
1050 3664 1174 3720 reatum
1196 3658 1347 3743 periurii,
1367 3656 1454 3745 quod
1480 3659 1555 3745 ipso
1577 3659 1657 3724 facto

240 3758 385 3839 incurrit,
408 3767 439 3821 et
460 3766 588 3821 centum
608 3757 802 3822 florenorum
822 3775 972 3842 poenam,
993 3775 1129 3839 quorum
1150 3755 1306 3822 medietas
1328 3755 1424 3822 cedat
1443 3755 1493 3821 illi
1516 3757 1569 3823 vel
1590 3758 1657 3840 illis,

240 3879 336 3946 quem
358 3855 411 3920 vel
433 3878 512 3942 quos
532 3857 578 3920 sic
599 3858 725 3944 impetit
744 3855 796 3921 vel
818 3852 977 3934 molestat,
999 3850 1065 3917 alia
1084 3854 1240 3921 medietas
1263 3855 1358 3921 cedat
1376 3855 1539 3940 facultati,
1562 3860 1658 3923 eciam

239 3965 436 4045 perpetues
458 3956 610 4022 facultate
638 3958 762 4022 arcium
791 3957 834 4019 sit
862 3951 1024 4018 exclusus.
1068 3952 1209 4020 Tenetur
1240 3957 1343 4020 eciam
1369 3955 1510 4021 facultas
1536 3956 1586 4022 illi
1612 3956 1657 4021 vel

241 4056 307 4122 illis
317 4105 326 4139 ,
349 4057 405 4143 qui
427 4057 473 4120 sic
494 4058 660 4143 impetitur
683 4066 738 4121 aut
759 4057 974 4142 impetuntur,
996 4050 1185 4118 molestatur
1206 4064 1262 4119 aut
1281 4054 1511 4140 molestantur,
1532 4055 1657 4122 realiter

199 4166 315 4223 ascum
337 4155 453 4221 effectu
475 4154 628 4221 assistere
650 4165 706 4240 et,
723 4157 751 4220 si
773 4151 986 4241 opusfuerit,
1008 4151 1113 4216 eciam
1140 4152 1199 4217 sub
1220 4155 1372 4242 expensis
1402 4154 1569 4221 facultatis
1590 4179 1656 4244 pro

243 4257 325 4344 priis
346 4254 482 4320 eundem
500 4255 553 4320 vel
574 4256 721 4336 eosdem,
743 4256 846 4319 eciam
868 4275 889 4317 a
910 4249 1169 4339 quibuscunque,
1190 4256 1266 4318 totis
1287 4254 1413 4319 viribus
1434 4254 1606 4322 defensare
1621 4264 1655 4338 et,

242 4364 396 4445 quantum
416 4357 451 4420 in
472 4356 533 4421 ea²
553 4355 664 4438 buerit,
686 4375 876 4420 assecurare
896 4374 958 4418 nec
978 4374 1044 4416 non
1064 4351 1205 4418 totaliter
1227 4352 1412 4440 exbrigare.

525 4530 573 4589 11.
592 4540 640 4588 ns
660 4539 815 4588 anunm
835 4521 960 4587 uonna
980 4535 1099 4596 ouoan
1120 4521 1383 4586 mrsnmsrss.³

324 4656 406 4722 Item
426 4655 561 4743 quilibet
580 4657 809 4742 magistrorum
831 4653 872 4718 de
899 4651 1032 4717 consilio
1057 4652 1232 4737 facultatis,
1259 4676 1317 4740 per
1345 4653 1505 4720 decanum
1525 4657 1561 4720 in
1582 4676 1649 4720 exa·

201 4756 328 4822 tomice
340 4780 465 4823 morum
482 4756 665 4843 requisitus,
686 4763 814 4820 tenetur
834 4752 980 4818 revelare
1002 4774 1155 4819 excessus
1175 4752 1335 4819 notabiles
1356 4763 1388 4818 et
1408 4752 1647 4821 insufficiendus

332 4968 418 5044 rna
436 4988 545 5044 aussi
562 4988 599 5043 ra
615 4991 672 5042 aa
688 4990 781 5058 apsar
797 4985 849 5040 ma
866 4985 1018 5041 asamar
1034 4985 1119 5040 usne
1137 4983 1353 5058 nasama.

328 5078 343 5128 2
363 5071 549 5130 GeschrIeben
565 5070 639 5127 steht
658 5089 698 5126 eo.

302 5207 306 5218 ,
331 5161 347 5212 3
364 5156 446 5211 Auch
460 5157 535 5213 diere
550 5156 660 5213 Rubrik
676 5155 713 5211 ist
727 5158 786 5210 erat
800 5156 894 5226 spiter
910 5155 961 5215 mit
978 5153 1131 5212 schvaraer
1146 5154 1230 5212 'I'inte
1246 5155 1464 5228 nacbgetrsguu.
1516 5189 1519 5192 -
