3756 6158
243 490 303 558 324
739 485 791 540 nte
809 485 1026 554 philesophische
1043 483 1170 543 I'acultltt.
1242 453 1244 457 >

244 693 302 756 pro
325 670 446 757 decano
468 669 641 752 hebeatur;
670 671 698 734 si
721 692 798 736 vero
819 671 921 758 maior
949 692 1025 757 pare
1047 670 1082 734 in
1103 669 1241 756 aliquem
1261 693 1327 736 non
1352 670 1561 751 consenserit,
1586 678 1654 733 tune

243 769 285 834 ad
312 769 499 835 scrutinium
520 767 723 855 procedatur,
750 771 784 834 in
806 792 868 858 quo
890 768 1042 835 si‘nullus
1065 770 1139 852 erit,
1164 767 1220 833 fiet
1240 770 1518 857 compromissum.
1548 765 1593 831 Et
1610 769 1652 830 sic

244 868 363 933 electus
384 869 419 932 in
441 867 597 959 decanum
625 869 734 932 statim
762 877 888 935 tenetur
911 868 1086 933 decanatus
1113 868 1252 933 officium
1274 891 1448 950 assumere,
1476 866 1538 932 sub
1560 889 1655 953 poena

243 969 337 1032 unius
365 989 562 1052 sexagenae3
593 974 625 1031 et
650 965 766 1032 desani
796 968 920 1053 antiqui
941 967 1081 1033 officium
1101 989 1166 1032 non
1188 966 1362 1053 expirabit,
1392 966 1496 1033 donee
1515 967 1550 1030 in
1570 964 1654 1030 deca·

202 1075 218 1129 5
245 1089 321 1131 num
352 1067 398 1132 sic
427 1065 546 1130 electus
575 1064 773 1153 acceptabit3
808 1069 837 1132 si
865 1088 944 1132 vero
975 1069 1022 1131 sic
1054 1064 1174 1131 electus
1201 1065 1376 1133 decanatus
1404 1065 1547 1132 officium
1575 1087 1653 1129 assu·

247 1187 334 1230 mere
354 1173 535 1255 recusaret,
564 1166 685 1230 tociens
711 1165 863 1253 quociens
885 1164 1005 1231 electus
1025 1165 1136 1249 licerit,
1162 1189 1258 1232 unam
1280 1188 1480 1252 sexagenam
1502 1163 1654 1252 persolvet

245 1263 401 1331 facultati.
791 1273 793 1277 ’

713 1389 741 1449 5.
762 1396 810 1446 ne
831 1372 1033 1449 mensurno
1053 1397 1192 1448 uncum.

840 1517 900 1583 Vgl.
918 1533 942 1570 a
962 1517 1001 1571 St.
1018 1518 1062 1602 ⁵7⁸·

207 1639 238 1694 10
327 1630 409 1694 Item
431 1629 552 1695 electus
572 1629 607 1694 in
630 1630 786 1696 decanum
813 1630 976 1697 facultatis
1001 1634 1124 1698 areium
1145 1631 1266 1697 iurabit
1286 1630 1405 1696 seniori
1425 1629 1589 1696 facultatis
1607 1652 1650 1696 uo·

247 1729 332 1793 mine
354 1728 498 1794 eiusdem
519 1728 682 1795 facultatis
704 1728 763 1796 sub
786 1729 849 1795 hae
869 1726 986 1796 forma:
1017 1731 1113 1820 „Ego
1133 1731 1180 1796 .N.
1196 1733 1288 1815 iuro„
1301 1727 1386 1818 quod
1408 1732 1532 1796 statuta
1550 1740 1582 1794 et
1600 1739 1650 1794 sta·

246 1826 366 1892 tuende
395 1849 455 1912 pro
473 1827 741 1919 bono'facultatie
763 1830 888 1894 arcium
908 1820 1043 1896 firmiter
1063 1830 1158 1896 velim
1178 1830 1353 1911 observare
1375 1839 1422 1912 et,
1451 1838 1604 1916 quantum
1625 1830 1651 1892 in

245 1949 296 1992 me
320 1936 382 2010 est,
406 1929 475 1992 sine
495 1927 569 1994 dolo
590 1938 622 1993 et
640 1927 754 1994 fraude
775 1926 817 1994 ab
840 1927 989 1996 omnibus
1008 1929 1116 1996 facere
1137 1928 1335 1996 observari.“

303 2099 331 2162 6.
351 2110 398 2157 nu
420 2110 622 2182 murmuro
643 2111 773 2162 nmuno
792 2113 863 2163 >ann
883 2113 1090 2163 assumens
1110 2113 1157 2162 un
1179 2093 1366 2162 c‘onsmmu
1385 2109 1609 2172 nscnnra‘rsa

207 2235 238 2292 1⁵
788 2202 848 2298 v'gl.
865 2247 891 2284 e
911 2232 948 2284 si
966 2233 983 2285 e
1000 2248 1025 2286 n.
1044 2233 1084 2295 27,
1105 2233 1126 2285 1.

329 2342 411 2407 Item
430 2342 567 2429 'quilibet
588 2345 743 2430 magister
764 2346 907 2411 existens
926 2345 968 2411 de
986 2345 1139 2429 facultate
1160 2344 1284 2412 udum
1301 2341 1353 2408 vel
1374 2341 1417 2407 de
1436 2363 1522 2408 novo
1537 2344 1651 2408 inuans

248 2441 422 2529 consilium·
444 2440 567 2508 iurabit
593 2442 716 2510 decano
744 2443 804 2509 sub
833 2444 896 2510 hac
920 2445 1040 2511 forma:
1080 2443 1175 2530 „Ego
1197 2443 1247 2507 Ν.
1274 2444 1345 2508 iuro
1366 2441 1463 2514 vobit
1490 2440 1611 2509 deceno
1625 2448 1653 2505 el

248 2542 366 2606 vestris
396 2540 636 2607 successoribus
664 2541 885 2609 reverenciam
912 2553 944 2609 et
973 2543 1195 2610 obedienciam
1220 2543 1255 2607 in
1281 2541 1378 2607 licitis
1401 2546 1438 2604 'et
1464 2540 1607 2606 honestis
1627 2547 1654 2604 et

251 2662 385 2710 servare¹
405 2648 526 2705 statuta
547 2649 580 2706 et
605 2641 775 2708 statuenda
795 2665 855 2729 pro
877 2665 971 2729 posse
994 2654 1026 2707 et
1052 2663 1148 2708 nosse
1167 2645 1207 2706 et
1220 2660 1398 2727 procurare
1423 2630 1544 2705 bonum
1567 2637 1653 2706 fecul-

208 2741 336 2805 20tatis.
379 2739 460 2830 Item
486 2742 566 2824 iuro,
595 2739 692 2827 quod,
713 2743 1001 2829 “quocienscunque
1027 2742 1061 2805 in
1090 2732 1254 2807 decanum-
1271 2750 1327 2805 aut
1351 2740 1386 2804 in
1415 2740 1653 2804 examinatorem

251 2838 543 2926 promovendorum
563 2840 597 2903 in
617 2838 742 2906 artibus
761 2849 828 2905 tam
848 2839 890 2906 ad
911 2840 1132 2927 magisterium
1153 2861 1250 2927 quam
1271 2837 1314 2903 ad
1331 2836 1584 2903 baecalariatum
1603 2835 1652 2901 ele

250 2947 319 3003 etus
340 2938 441 3021 fuero,
471 2937 759 3028 admittere-velim
780 2939 983 3027 simpliciter¹
1006 2939 1122 3027 dignos
1143 2949 1176 3004 et
1195 2940 1317 3016 reicere
1336 2934 1499 3024 indignos.
1541 2935 1596 3004 Sic
1613 2957 1653 3000 ne

250 3037 330 3115 deus
352 3037 492 3104 adiuvet
504 3048 535 3103 et
554 3047 669 3106 sancte
689 3038 743 3104 dei
762 3037 992 3126 ewangelia²“

490 3226 518 3286 7.
541 3238 601 3300 om
620 3216 761 3288 nnenur
780 3237 903 3288 ussum
923 3238 970 3287 un
990 3235 1176 3287 cenenum
1195 3235 1419 3289 sscunrsrss.

209 3378 241 3435 25
723 3374 784 3438 vgr.
805 3389 831 3426 a.
849 3373 886 3424 st.
905 3373 928 3425 t.
949 3372 990 3435 24,
1006 3372 1031 3424 ³.
1047 3373 1091 3440 te,
1110 3373 1133 3424 a.
1154 3373 1193 3424 15.

331 3503 413 3568 Item
440 3501 547 3568 nullus
573 3503 803 3588 magistrorum
828 3504 984 3568 inantea
1011 3501 1053 3567 ad
1084 3500 1251 3567 eonsilium
1278 3499 1444 3589 foedtatis
1469 3499 1649 3577 admittatur,

250 3603 313 3668 nisi
334 3605 368 3668 in
389 3603 591 3668 consciencie
612 3625 671 3666 sua
690 3601 792 3685 dicat,
820 3591 907 3690 quod
928 3611 1077 3688 quartum
1096 3621 1216 3665 anuum
1237 3601 1488 3686 sui'magisterii
1507 3603 1542 3666 ir
1560 3595 1649 3665 studit

250 3701 410 3768 menende
433 3703 576 3787 attigerit
597 3710 629 3766 et
657 3701 820 3766 biennium
843 3724 935 3766 suum
958 3722 1031 3765 cum
1057 3700 1173 3765 effectu
1198 3699 1250 3765 hie
1270 3699 1322 3764 vel
1350 3698 1430 3764 alibi
1450 3697 1648 3788 compleverit,

250 3811 282 3866 et
313 3801 400 3889 quod
431 3803 466 3865 in
496 3799 712 3887 quadraginta
743 3799 1019 3887 disputacionibus
1051 3798 1224 3864 ordinariis
1256 3797 1429 3886 arguebat,
1459 3799 1512 3864 vel
1546 3797 1648 3864 tociens

210 3909 407 3986 30praesens
426 3900 487 3964 fuit
508 3909 540 3964 et
559 3897 664 3964 locum
687 3899 845 3986 arguendi
865 3897 986 3965 habere
1006 3921 1071 3967 non
1091 3901 1246 3986 potuerit,
1276 3909 1308 3964 et
1328 3898 1415 3985 quod
1437 3899 1542 3966 oeeies
1562 3904 1647 3960 extra·

252 3998 415 4090 ordinarie
435 3998 625 4086 disputavit.
1036 4011 1038 4019 ’

553 4169 582 4234 8.
605 4160 665 4251 [Bl.
686 4161 757 4251 57²]
777 4182 824 4230 nn
845 4181 945 4232 suono
969 4179 1170 4230 conaturum
1190 4176 1370 4232 amnnruu.

827 4301 886 4366 vgr.
908 4316 933 4352 a.
954 4299 991 4350 st.
1010 4299 1050 4364 aa,
1069 4299 1092 4352 s.

334 4415 416 4480 Item
434 4413 545 4480 volens
570 4413 733 4501 complere
752 4414 918 4480 biennium
939 4413 1117 4500 magisterii
1143 4414 1192 4479 sui
1218 4422 1344 4479 tenetur
1371 4433 1432 4502 pe·
1459 4411 1541 4478 duos
1565 4423 1644 4475 annot

212 4525 244 4582 35
257 4513 398 4603 quolibet
418 4511 524 4579 medio
545 4513 653 4600 legere
675 4511 719 4579 ad
739 4515 844 4580 minue
864 4537 923 4603 per
942 4523 1008 4579 tres
1034 4535 1159 4579 menses
1188 4511 1315 4601 aliquas
1339 4511 1502 4604 lecciones
1527 4508 1567 4579 ad
1588 4523 1644 4594 gr*

252 4615 329 4680 dum
349 4614 527 4699 magisterii
550 4612 602 4678 vel
627 4611 866 4679 baccalariatus
888 4614 1094 4701 pertinentes,
1123 4620 1155 4677 et
1179 4621 1351 4700 antequam
1373 4606 1555 4678 hiriusmodi
1577 4605 1643 4672 bia·

251 4715 341 4780 nium
361 4712 571 4800 compleverit
592 4711 647 4778 hie
662 4711 716 4782 vel
735 4711 825 4796 alibi,
846 4712 889 4778 ad
910 4711 1081 4778 consilium
1100 4709 1262 4777 facultatis
1282 4733 1348 4777 non
1369 4709 1563 4777 admittatur.

331 4982 343 5033 1
363 4975 527 5047 simpliciter
548 4973 586 5030 ist
609 4990 654 5030 am
671 4973 770 5030 Raude
786 4975 1001 5047 uachgetregm.
1028 4975 1073 5030 'In
1095 4975 1145 5032 der
1161 4972 1394 5047 msprungltehu
1411 4968 1641 5031 ΝΜ

256 5058 326 5116 fehlt
341 5078 372 5119 es
387 5057 531 5116 ebenfalls.

340 5142 520 5201 tsseechluss
538 5160 601 5200 vom
620 5148 660 5198 30.
678 5142 752 5214 Aug.
771 5147 843 5199 1436.
