3756 6158
260 485 320 549 144
728 482 785 535 Das
802 483 938 535 lohannes
955 483 1034 533 Fabri
1052 484 1085 533 de
1101 482 1224 559 werdae·

257 674 386 730 vestrae
408 662 565 751 obsequia
593 672 705 729 nostra
731 665 766 729 in
795 667 910 751 quovis
940 664 1011 730 loeo
1037 674 1164 751 parata.
1207 662 1289 729 Cum
1311 664 1346 726 in
1375 659 1526 727 omnibus
1548 660 1687 725 necessi·

256 761 376 829 tatibus
400 771 432 826 et
454 762 606 849 periculis
627 785 757 848 semper
783 762 886 829 soleat
913 766 1109 829 universitas
1138 773 1250 828 nostra
1277 761 1320 827 ad
1348 759 1456 826 sedern
1481 758 1686 825 celsitudinis

256 873 385 928 vestrae
414 870 580 946 tamquam
610 859 652 925 ad
682 884 869 948 supremam
897 862 1144 949 privilegiorum
1176 870 1362 927 nostrorum
1394 881 1549 925 ancoram
1578 858 1687 924 confu-

256 985 333 1050 gere
361 970 393 1026 et
419 959 496 1025 inde
523 959 621 1024 rebus
650 964 770 1026 nostris
799 961 906 1028 dubiis
939 961 1108 1028 consilium
1137 973 1234 1048 atque
1262 959 1420 1026 auxilium
1447 966 1569 1045 petere,
1599 978 1688 1023 reve·

102 1094 109 1105 ·
230 1060 357 1128 5rendc
384 1062 419 1124 in
440 1058 571 1127 Christo
593 1069 687 1146 pater
716 1083 755 1125 ac
780 1060 910 1126 domine
937 1063 1091 1148 gratiose,
1120 1070 1152 1126 et
1180 1060 1242 1125 hoc
1268 1071 1414 1147 tempore
1439 1066 1572 1123 senatus
1599 1054 1688 1143 Lyp

257 1162 360 1228 sensis
394 1156 567 1246 privilegia
608 1168 720 1223 nostra
757 1183 817 1247 per
854 1160 1064 1247 collegiorum
1101 1161 1313 1247 irruptionem
1352 1166 1482 1245 praeter
1514 1157 1582 1238 ius,
1625 1156 1687 1237 fas,

257 1282 395 1345 aequum
417 1267 449 1323 et
469 1257 589 1323 bouum
617 1256 815 1324 labefactare
838 1271 978 1343 conetur,
1010 1257 1278 1347 quemadmodum
1302 1280 1343 1323 ex
1365 1258 1448 1323 actis
1468 1256 1503 1322 in
1525 1278 1566 1320 ea
1587 1276 1687 1321 causa

255 1381 365 1427 coram
387 1356 598 1422 illustrissimi
625 1358 782 1445 principis
810 1362 914 1425 nostri
941 1359 1144 1440 consiliariis,
1174 1380 1311 1443 quorum
1339 1356 1469 1444 copiam
1496 1354 1552 1420 hic
1581 1362 1686 1419 trans·

254 1459 421 1538 mittimus,
449 1454 631 1520 reverenda
659 1459 837 1542 paternitas
860 1468 971 1524 vestra-
1002 1457 1097 1523 facile
1123 1466 1230 1545 potest
1257 1454 1420 1543 colligere,
1448 1452 1492 1518 ad
1522 1453 1685 1518 neminem

218 1568 249 1625 10
257 1556 319 1624 hoc
341 1566 487 1643 tempore
510 1556 630 1619 rectius
653 1556 904 1643 confugiendum
926 1559 1160 1640 existimamus,
1180 1578 1279 1644 quam
1300 1555 1344 1621 ad
1367 1576 1450 1636 eum,
1474 1548 1524 1640 [71
1534 1550 1562 1639 b]
1588 1572 1683 1639 quem

259 1666 291 1722 et
321 1676 464 1722 summus
492 1654 640 1742 pontifex
666 1657 890 1723 universitatis
913 1668 1044 1722 nostrae
1073 1636 1303 1746 cancellarium
1331 1654 1501 1720 constituit
1526 1663 1559 1717 et
1586 1650 1686 1738 privi-

256 1756 415 1843 legiorum
435 1763 621 1819 nostrorum
649 1765 910 1822 conservatorem
938 1757 1028 1838 fecit,
1057 1757 1148 1821 cuius
1177 1756 1275 1819 etiam
1302 1755 1429 1819 animus
1456 1750 1635 1838 singularis
1655 1758 1686 1813 et

258 1852 460 1921 incredibilis
489 1852 708 1918 benivolentia
728 1876 807 1940 erga
830 1855 915 1921 hanc
935 1865 1079 1920 nostram
1101 1855 1347 1920 universitatem
1367 1874 1466 1940 saepe
1486 1850 1572 1917 alias
1593 1847 1686 1915 nobis

131 1940 146 2027 ,¹
257 1963 431 2044 perspecta
465 1963 514 2018 est
547 1962 578 2018 et
612 1955 753 2039 cognita.
796 1952 1006 2042 Quapropter
1039 1952 1251 2019 reverendam
1286 1952 1515 2041 paternitatem
1545 1958 1686 2015 vestram

80 2032 148 2147 ‚ji-
218 2066 249 2121 15
257 2053 422 2121 humiliter
450 2074 590 2136 oramus,
619 2062 654 2117 ut
681 2051 760 2117 velit
789 2052 884 2120 nobis
915 2055 949 2117 in
980 2052 1031 2118 his
1060 2052 1305 2118 difficultatibus
1334 2049 1470 2117 consilio
1500 2059 1535 2115 ct
1564 2044 1685 2114 auxilio

52 2224 67 2245 Ι,
82 2142 125 2253 ,jj
233 2172 457 2234 ‘succurrere
483 2173 547 2236 quo
569 2150 743 2239 privilegia
764 2161 876 2217 nestra
898 2175 1031 2218 servare
1060 2154 1190 2238 integra
1211 2173 1251 2216 ac
1277 2149 1405 2216 illibata
1430 2162 1462 2216 et
1486 2149 1586 2236 plena
1616 2168 1685 2211 cum

258 2253 409 2319 libertate
437 2252 610 2337 possimus.
652 2249 691 2315 Id
720 2250 808 2338 quod
835 2251 989 2339 precibus
1021 2254 1151 2335 nostris,
1178 2251 1221 2316 ad
1248 2249 1442 2315 altissimum
1468 2270 1532 2338 pro
1557 2255 1685 2312 vestrae
1723 2314 1726 2321 ,

162 2390 168 2441 3
257 2351 384 2439 gratiae
409 2349 630 2416 incolumitate
650 2359 683 2415 et
703 2348 854 2415 diutmno
882 2373 922 2415 ac
948 2349 1056 2415 foelici
1083 2372 1235 2415 successu
1262 2349 1352 2426 fusis,
1377 2359 1409 2414 et
1435 2348 1559 2414 nostris
1583 2344 1684 2411 tideli-

258 2451 319 2517 bus
351 2446 514 2536 obsequiis
543 2452 630 2514 omni
657 2449 727 2515 loco
752 2458 784 2513 et
811 2458 957 2535 tempore
983 2471 1111 2536 semper
1136 2450 1316 2536 promereri
1345 2446 1559 2514 studebimus.
1603 2444 1684 2512 Cou-

215 2557 368 2615 wservet
396 2546 546 2613 dominus
568 2545 654 2637 [72⁸]
680 2549 882 2614 elementiam
910 2558 1053 2613 vestram
1079 2572 1140 2636 pro
1166 2548 1305 2614 utilitate
1339 2546 1497 2613 ecclesiae
1526 2567 1605 2611 suae
1632 2543 1685 2609 diu

256 2670 296 2713 ac
314 2647 412 2733 longo
435 2656 578 2734 tempore
598 2647 799 2714 incolumem.

339 2746 550 2811 Reverendae
569 2748 757 2833 paternitati
780 2755 909 2812 vestrae

508 2844 724 2913 addictissimi

942 2945 1072 3029 Recter,
1094 2968 1180 3032 mag.
1202 2955 1234 3011 et
1253 2945 1403 3011 doctores
1424 2943 1647 3010 universitatis

216 3056 250 3112 25
1201 3044 1393 3131 Lypsensis.

258 3203 325 3264 130.
345 3214 392 3261 no
414 3214 743 3263 aavsasnmssmuu
764 3212 987 3261 cenomannis
1007 3214 1206 3279 manasen,
1227 3210 1531 3261 sacummscoruss
1551 3211 1684 3261 loeus·

445 3313 555 3360 rmuu
576 3314 622 3361 sr
644 3310 986 3377 monseuaoausau,
1008 3312 1189 3359 ramasses
1209 3311 1410 3360 oaansmss
1433 3303 1493 3359 etc

339 3426 621 3492 Reverendissime
642 3429 677 3492 in
697 3426 828 3495 Christo
851 3435 1005 3513 paterae
1026 3429 1178 3514 princeps
1204 3425 1440 3493 illustrissime!
1473 3426 1558 3491 Post
1586 3425 1685 3490 humi·

257 3526 330 3592 liter
352 3525 480 3591 oblatas
499 3548 615 3613 preces
638 3536 777 3608 nostras,
797 3548 879 3611 quas
902 3525 1012 3591 sedulo
1034 3525 1076 3591 ad
1099 3548 1156 3590 coe
1169 3521 1371 3612 [72bllorum
1398 3546 1512 3612 regem
1533 3538 1567 3591 et
1586 3525 1685 3591 domi·

214 3637 249 3693 ³0
259 3649 335 3691 num
347 3648 406 3712 pro
417 3635 547 3690 vestrae
562 3625 762 3691 celsitudinis
784 3624 868 3690 laeto
892 3646 1043 3690 successu
1058 3624 1234 3708 fundimus,
1251 3626 1427 3691 cumomni
1448 3625 1686 3711 gratificatione

257 3735 290 3791 et
321 3723 521 3812 obsequendi
548 3724 654 3791 studio
684 3726 890 3808 coniunctas,
934 3725 1153 3806 significamus
1179 3724 1471 3790 reverendissimae
1497 3725 1687 3811 paternitati

257 3847 297 3888 ae
323 3822 563 3888 illustrissimae
591 3825 717 3910 gratiae
745 3833 885 3907 vestrae,
915 3824 1002 3912 quod
1027 3824 1166 3890 Ioannes
1193 3846 1214 3887 a
1241 3823 1390 3907 Diskaw,
1417 3822 1582 3889 studiosus
1611 3844 1687 3889 sanc

257 3945 297 3987 ac
318 3922 422 3987 bonus
444 3920 641 4006 adolescens,
670 3922 809 4010 supplex
838 3923 972 3989 anobis
1001 3923 1153 4009 precibus
1176 3921 1386 4006 contenderit,
1414 3922 1687 4011 quemadmodum

258 4046 300 4087 ex
320 4021 447 4087 inclusa
468 4020 530 4085 hac
552 4021 705 4087 schedula
726 4032 814 4109 patet
834 4022 942 4106 latius,
965 4044 1028 4109 que
1049 4045 1109 4109 pro
1132 4044 1166 4087 sc
1189 4021 1412 4087 celsitudinem
1425 4033 1569 4089 vestram
1590 4024 1687 4088 inter-

214 4121 462 4210 35pellaremus,
489 4123 600 4208 utqui
628 4132 821 4207 agnatorum
844 4145 976 4188 suerum
997 4143 1098 4208 opera
1125 4122 1168 4187 sit
1197 4121 1418 4208 superioribus
1445 4121 1562 4189 diebus
1591 4121 1686 4189 bene-

255 4223 365 4287 ficium
393 4218 555 4305 quoddam
585 4230 785 4303 consecutus,
814 4221 903 4309 quod
929 4221 998 4286 sine
1028 4243 1087 4286 sua
1109 4221 1205 4308 culpa
1235 4221 1337 4287 sitin
1364 4220 1464 4287 alium
1491 4220 1685 4289 menolatum

255 4330 386 4409 postea,
413 4328 449 4383 ut
475 4318 694 4385 illustrissima
721 4323 829 4406 gratia
862 4330 972 4385 vestra
999 4319 1172 4385 clementer
1203 4319 1267 4386 hoe
1297 4319 1394 4387 vellet
1423 4319 1488 4387 sibi
1514 4320 1685 4409 indulgere

256 4431 288 4487 et
319 4416 506 4501 concedere,
538 4441 600 4504 quo
630 4420 772 4506 inopiam
801 4442 893 4485 suam
920 4419 973 4483 hic
1000 4429 1182 4485 sustentare
1203 4430 1236 4485 et
1258 4420 1417 4486 bonarum
1437 4423 1557 4488 artium
1580 4420 1685 4487 stadis

255 4542 293 4586 eo
315 4518 503 4605 diligentius
526 4519 617 4604 sequi
641 4528 760 4606 posset.
803 4517 843 4582 Id
872 4519 959 4607 quod
985 4542 1049 4585 non
1070 4518 1219 4585 volumus
1240 4518 1288 4585 illi
1309 4518 1482 4606 denegare,
1504 4523 1686 4588 immense

214 4620 336 4686 tOsatis
364 4619 418 4704 pie
446 4640 508 4682 nos
532 4617 640 4682 facere
668 4640 765 4704 posse
794 4620 989 4704 putavimus,
1022 4621 1215 4706 praesertim
1243 4642 1316 4685 cum
1345 4615 1683 4707 miserabiliter-[⁵13⁸]

255 4725 444 4804 quereretur
473 4724 582 4781 actum
610 4715 651 4781 de
679 4717 745 4781 suis
768 4716 884 4783 studiis
904 4740 976 4783 esse
1001 4727 1137 4805 propter
1157 4720 1347 4785 tenuitatem
1372 4728 1546 4805 parentum
1564 4726 1600 4784 et
1618 4719 1684 4785 ino-

254 4818 353 4904 piam,
383 4816 410 4879 si
438 4815 501 4881 hoe
521 4814 622 4880 veluti
644 4815 841 4882 adminiculo
864 4817 1102 4882 destitueretur.
1144 4816 1354 4907 Quapropter
1379 4818 1683 4887 reverendissimam

254 4915 483 5003 paternitatem
507 4925 650 4979 vestram
671 4938 710 4980 ac
737 4916 880 5001 gratim
902 4915 1153 4982 illustrissimam
1177 4916 1340 5005 supplices
1362 4916 1573 5005 obtestamur,
1599 4914 1683 5007 qued

253 5015 369 5079 Ioanni
391 5037 410 5079 a
432 5012 572 5078 Diskaw
592 5013 782 5080 beneficium
807 5015 848 5081 ab
871 5018 1000 5102 agnatis
1022 5015 1172 5082 collatum
1192 5015 1332 5104 benigne
1354 5018 1532 5084 concedere
1553 5028 1587 5085 et
1611 5038 1681 5105 gm-

217 5115 342 5179 titiose
376 5112 568 5178 confirmare
604 5110 766 5200 dignetur,
800 5124 835 5179 ut
866 5114 1066 5182 celsitudinis
1098 5127 1227 5182 vestrae
1257 5117 1471 5184 beneficentia
1504 5119 1681 5185 institutum
