3756 6158
256 467 296 530 88
734 466 785 515 Die
804 463 923 514 Ststnten
941 478 1003 513 vom
1019 465 1109 536 Juhre¹
1123 469 1195 526 15⁴³,

256 650 367 727 crevit,
389 648 558 728 neminem,
580 668 768 734 quocunque
789 646 822 709 in
843 645 914 711 loco
935 655 990 710 aut
1012 645 1180 733 dignitatis
1201 645 1422 732 honorumque
1441 641 1546 730 gradu
1567 641 1674 724 fixerit,

256 746 349 810 huius
372 743 481 809 delicti
513 747 679 811 convictus
693 748 716 827 ¹,
738 768 908 833 passuram
937 768 972 811 se
990 747 1182 834 impunitum
1210 767 1288 809 esse.
1332 745 1433 809 Nemo
1454 745 1554 830 igitur
1575 740 1677 807 ullum

256 846 426 932 scriptum,
448 866 512 928 quo
535 844 667 910 alterius
688 845 776 911 fama
797 867 855 933 per
875 846 1025 910 iniuriam
1046 845 1133 911 laedi
1155 845 1385 932 proscindique
1406 844 1526 930 possit,
1549 864 1676 930 compo·

254 954 319 1024 nat,
342 943 418 1008 edat
439 943 521 1008 clam
542 944 701 1031 palamve,
723 967 826 1030 neque
848 945 1051 1032 componenti
1072 954 1129 1010 aut
1150 944 1283 1010 edenti²
1304 944 1491 1033 praesentia
1509 941 1677 1007 auxiliove

226 1054 307 1108 5suo
329 1045 420 1108 assit.
464 1044 552 1125 Quin
581 1047 677 1109 etiarn
709 1046 853 1132 quisque,
880 1067 952 1109 cum
979 1044 1164 1109 huiusmodi
1191 1046 1313 1132 scripta
1338 1043 1475 1122 viderit,
1506 1043 1537 1108 si
1563 1043 1675 1130 possit,

254 1143 396 1209 tollendo
418 1142 635 1209 auferendove
657 1146 839 1232 supprimat
860 1153 915 1208 aut
942 1158 1100 1209 rectorem
1132 1142 1173 1208 de
1199 1143 1261 1209 hac
1287 1167 1324 1208 re
1354 1144 1524 1209 certiorem
1550 1140 1675 1208 reddat

254 1243 320 1324 Qui
340 1267 404 1309 non
423 1244 537 1308 fecerit
557 1245 653 1331 quive
674 1245 780 1309 facere
802 1242 945 1307 volentes
966 1243 1169 1329 prohibuerit
1191 1242 1265 1308 dolo
1286 1243 1384 1326 malo,
1405 1243 1434 1306 is
1454 1264 1594 1330 poenam
1613 1240 1676 1307 sibi

252 1343 482 1428 gravissimam
504 1342 639 1407 arbitrio
668 1342 793 1408 consilii
820 1342 943 1430 publici
972 1342 1193 1407 sustinendam
1214 1343 1312 1426 sciat,
1343 1341 1430 1428 quod
1449 1343 1560 1429 ipsum
1581 1351 1615 1406 et
1635 1340 1675 1409 de

250 1442 426 1529 relegando
454 1453 486 1508 ct
513 1440 553 1507 de
584 1441 785 1508 excludendo
817 1464 857 1507 ex
883 1442 1094 1507 universitate
1124 1464 1184 1506 sua
1210 1441 1294 1507 tales
1321 1464 1381 1529 pro
1407 1465 1444 1506 re
1471 1450 1504 1505 et
1533 1432 1675 1528 persona

213 1552 245 1606 10
255 1542 457 1608 deliberabit
615 1544 618 1549 ’
1076 1548 1079 1559 “

770 1746 772 1754 .
830 1709 1002 1775 Ststutum
1021 1711 1107 1793 ΧΠ(ΙΙΔ

667 1870 714 1924 nn
736 1858 930 1924 mansuris
952 1854 1257 1925 mosnnmsrrnns.
1326 1851 1342 1859 ”
1402 1846 1406 1853 ’
1524 1844 1530 1853 ’

338 1993 529 2079 Quicunque
553 1991 715 2089 relegatus
734 1984 780 2067 ad
803 1999 908 2057 certos
931 1983 1032 2075 annos
1054 1993 1141 2061 intre
1162 1991 1319 2083 oppidum
1340 1986 1426 2058 ultra
1446 1991 1533 2057 diem
1554 1991 1676 2061 disces·

255 2093 339 2159 sioni
365 2091 573 2179 praefinitum
599 2093 806 2185 remanserit,
836 2091 933 2179 quive
960 2089 1130 2167 discedens
1154 2091 1350 2157 tumultuose
1370 2089 1675 2185 antinusitatede

212 2203 243 2258 15
253 2191 327 2258 duci
350 2214 422 2278 sese
442 2192 643 2285 permiserit,
686 2192 761 2259 uive
783 2199 859 2255 ante
879 2188 1006 2279 finitum
1028 2214 1153 2279 poenae
1174 2201 1302 2280 tempus
1324 2194 1358 2257 in
1378 2182 1536 2280 oppidum
1555 2192 1676 2257 reverti

249 2315 348 2357 ausus
368 2292 479 2374 fuerit,
500 2292 529 2355 is
550 2290 592 2356 ab
611 2291 684 2378 ipso
701 2298 842 2371 rectore,
863 2289 1196 2377 inconstdtopublico
1227 2289 1376 2378 consilio,¹
1393 2291 1436 2358 ab
1458 2293 1676 2357 universitate

252 2401 364 2458 nostra
383 2400 421 2456 ut
439 2389 621 2463 membrum
643 2390 809 2478 putridum
830 2389 1016 2456 exclusione
1037 2391 1249 2463 rescindatur.
1280 2477 1282 2483 Α

619 2662 622 2675 ’
743 2624 745 2628 ¹
843 2647 1012 2698 statutum
1032 2647 1088 2723 XV.

722 2813 770 2861 nn
790 2811 908 2863 clusis
931 2811 1182 2860 cnmmsnmus.
1259 2785 1264 2792 ’

209 2935 243 2992 20
336 2927 388 2991 De
410 2928 517 2993 causis
539 2927 758 2995 criminalibus
785 2927 847 2994 hoc
876 2928 1071 2994 constituere
1097 2929 1203 2992 visum
1232 2937 1299 3011 est,
1327 2937 1363 2993 ut
1392 2926 1614 3015 deprehensus
1641 2929 1675 2993 in

250 3025 425 3093 homicidio
446 3026 489 3091 ad
509 3027 696 3115 episcopum
727 3028 890 3111 mittatur,
916 3027 1058 3092 carceris
1084 3029 1231 3114 perpetui
1261 3049 1400 3114 poenam
1427 3026 1613 3112 habiturus,
1641 3029 1675 3093 in

250 3127 335 3193 furto
359 3135 466 3193 autem
488 3127 708 3215 deprehensus
730 3127 772 3193 ab
794 3127 1005 3192 universitate
1025 3135 1137 3192 nostra
1151 3125 1351 3191 excludatur.
1383 3125 1418 3191 Si
1432 3125 1554 3193 hirtum
1567 3137 1675 3194 taum

251 3226 415 3314 singulare
435 3236 468 3292 et
488 3229 602 3314 ingens
624 3228 729 3311 fuerit,
752 3230 852 3293 etiam
873 3225 949 3292 talis
970 3227 1023 3293 fur
1043 3224 1086 3293 ed
1108 3226 1296 3314 episcopum
1317 3227 1477 3292 mittatur.
1598 3213 1604 3223 ’

835 3460 1008 3512 statutum
1029 3463 1101 3513 xvt.

206 3618 239 3673 25
742 3630 789 3677 nn
814 3627 1054 3688 snsranrmus
1075 3631 1177 3679 suun.

331 3757 404 3824 Non
424 3759 594 3824 mitantur
615 3759 678 3825 huc
698 3759 755 3825 ulli
783 3759 827 3824 ad
853 3758 1025 3827 latrocinia
1047 3771 1104 3826 aut
1124 3783 1251 3849 pugnas
1273 3762 1332 3827 sed
1353 3762 1396 3828 ad
1418 3763 1521 3828 vitam
1545 3760 1675 3850 placide
1712 3836 1715 3841 ¹

248 3860 282 3923 in
309 3857 424 3923 studiis
451 3860 646 3945 optimarum
674 3860 792 3925 artium
823 3869 855 3923 et
881 3858 1089 3926 humanitatis
1117 3861 1308 3947 degendam.
1364 3861 1445 3942 Quis
1474 3863 1575 3947 igitur
1598 3882 1675 3926 esse

250 3958 370 4044 poterit
390 3981 469 4022 usus
491 3961 679 4024 armorum?
702 3959 833 4040 Quare
854 3960 975 4024 nemini
997 3961 1140 4024 omnium
1164 3959 1208 4024 ad
1229 3961 1407 4047 perniciem
1429 3960 1562 4026 alterins
1582 3982 1675 4025 arma

247 4060 464 4144 cuiuscunque
484 4059 612 4143 generis
633 4068 763 4145 gestare
789 4079 979 4124 concessum
1006 4081 1077 4124 esse
1104 4059 1269 4142 volumus,
1296 4061 1457 4148 imprimis
1483 4059 1555 4143 illa,
1593 4081 1675 4146 quae

204 4159 238 4223 30
248 4157 394 4222 celeriter
406 4159 530 4223 exitum
542 4168 598 4222 aut
611 4157 800 4223 horribilem
817 4157 991 4224 laesionem
1007 4158 1124 4223 afferre
1139 4158 1250 4241 solent,
1272 4170 1307 4224 ut
1324 4170 1401 4225 sunt
1418 4182 1524 4242 arcus,
1539 4158 1672 4241 lancee,

246 4259 333 4323 ensis
355 4267 387 4320 et
410 4278 494 4344 quae
516 4257 715 4323 bombardae
737 4266 768 4320 et
790 4278 902 4322 cruces
924 4256 964 4323 ac
986 4257 1171 4345 plumbatae
1184 4269 1350 4341 vocantur,
1373 4258 1526 4346 quonihil
1540 4259 1674 4325 hohesto

246 4356 474 4424 adolescente³
495 4379 537 4421 ex
558 4379 670 4421 eorum
694 4359 889 4444 praesertim
913 4380 1062 4440 numero,
1092 4361 1147 4447 qui
1170 4381 1242 4423 cum
1263 4358 1381 4440 Musis,
1400 4358 1435 4422 id
1456 4370 1505 4424 est
1527 4358 1674 4424 humani·

247 4468 313 4522 tate
335 4466 367 4521 et
388 4455 545 4537 doctrina,
571 4458 800 4522 commercium
822 4455 885 4521 sibi
907 4479 978 4522 esse
999 4457 1114 4541 velint,
1135 4458 1301 4545 indignius
1322 4459 1397 4523 fieri
1418 4459 1532 4545 possit.
1575 4457 1673 4523 Veta-

246 4581 317 4622 mus
339 4557 437 4621 etiam
460 4577 534 4620 cum
554 4559 653 4623 armis
673 4555 949 4645 qualibuscunque
970 4558 1082 4624 accedi
1110 4556 1152 4623 ad
1181 4569 1339 4624 rectorem
1361 4568 1393 4623 et
1414 4556 1591 4624 consilium
1616 4581 1672 4646 pu·

207 4656 372 4723 35blicum
394 4664 426 4720 et
445 4656 480 4718 in
498 4653 571 4719 loca
592 4655 759 4723 doctrinae
781 4656 941 4745 publicae.

316 4963 327 5011 1
347 4956 491 5026 Richtiger
507 4961 578 5010 wilre
596 4956 753 5010 convictum.

313 5045 328 5095 2
343 5039 432 5110 Vogel
450 5039 570 5094 schreibt
587 5041 768 5110 componendi
786 5048 834 5094 aut
852 5043 958 5096 edendi.

314 5129 329 5181 3
347 5123 536 5181 Gaschrieben
556 5124 631 5179 steht
646 5125 818 5180 adolcemti.
