3756 6158
245 513 305 575 350
729 508 779 559 Die
801 511 1020 576 philosophische
1036 512 1164 562 Facult'at.

247 702 278 756 et
307 687 500 754 intrantibus
532 689 640 775 legere
670 699 701 754 et
728 691 894 777 publicare
921 700 953 755 et
982 713 1092 756 omnes
1120 700 1265 777 tempore
1291 691 1443 754 introitus
1470 684 1654 772 singillatim

247 791 424 875 requirere,
453 799 488 852 ut
514 790 732 876 unusquisque
763 791 822 854 sub
852 791 1053 856 consciencia
1083 812 1141 854 sua
1168 788 1270 873 dieat,
1298 811 1338 853 ‚se
1366 788 1422 853 illa
1451 807 1599 852 servasse
1626 794 1656 848 et

246 909 376 954 servare
395 885 487 950 velle.

332 1040 528 1100 Unmittclbar
548 1040 655 1100 hieran
676 1042 810 1100 scilicaet
830 1042 901 1114 sicli,
921 1042 995 1101 noct
1015 1061 1073 1101 voa
1094 1043 1245 1101 derselmn
1264 1043 1361 1100 Hand
1377 1039 1582 1117 qescbrieben:

714 1210 761 1271 12.
783 1221 830 1268 nn
851 1209 996 1268 arnn'ms
1017 1205 1184 1269 summa.¹

790 1340 851 1402 Vgl.
869 1341 1014 1402 Hauptstat.
1034 1340 1076 1404 86,
1096 1341 1119 1390 3.

326 1451 407 1517 Item
425 1448 531 1515 nullus
553 1448 691 1535 simplex
713 1451 845 1516 studens
866 1455 900 1516 in
922 1453 1045 1518 artibus
1067 1461 1174 1539 portet
1194 1451 1328 1538 pallium
1340 1472 1383 1515 ex
1401 1458 1540 1536 utroque
1560 1446 1654 1513 latere

251 1551 302 1615 vel
322 1572 386 1614 nno
406 1560 552 1635 apertum
573 1571 644 1612 cum
665 1550 774 1637 iopula
788 1551 837 1616 vel
858 1552 1020 1635 tunicella,
1042 1575 1125 1639 quae
1142 1574 1206 1616 non
1226 1549 1428 1637 protenditur
1441 1548 1529 1613 ultra
1549 1568 1655 1633 genua

249 1650 313 1731 Qui
336 1651 364 1713 si
385 1649 582 1712 contrarium
602 1647 723 1731 fecerit,
735 1651 779 1712 'in
801 1649 934 1717 dimidio
954 1653 1075 1717 floreno
1095 1673 1153 1738 per
1175 1648 1333 1714 decanum
1353 1646 1516 1713 facultatis
1538 1647 1654 1710 arcium

207 1759 238 1815 10
247 1750 409 1836 puniatur.
450 1745 514 1826 Qui
547 1747 575 1810 si
604 1768 638 1812 se
668 1752 870 1834 opposuerit,
900 1750 942 1816 ad
969 1751 1109 1838 aliquem
1135 1749 1272 1835 gradum
1299 1749 1332 1812 in
1361 1746 1487 1812 artibus
1513 1768 1579 1811 non
1606 1743 1655 1809 ad·

246 1851 398 1914 mittatur.

327 2087 421 2143 Dana
443 2102 499 2140 von
519 2083 650 2141 anderes·
670 2084 782 2142 Hand.-
880 2118 882 2122 ι

922 2199 986 2266 130²

329 2329 411 2392 Item
432 2326 537 2391 nullus
559 2328 797 2413 promovendus
818 2330 852 2393 in
878 2329 1002 2395 artibus
1028 2331 1072 2395 ad
1098 2352 1234 2395 examen
1256 2327 1309 2394 vel
1329 2335 1529 2414 temptamen
1550 2325 1656 2391 admit·

209 2440 238 2495 15
248 2440 344 2510 tatur,
372 2428 438 2491 nisi
463 2428 497 2489 in
527 2425 668 2511 collegiis
695 2438 751 2492 aut
777 2426 884 2492 bursis
914 2452 933 2493 a
962 2429 1115 2495 facultate
1145 2428 1335 2516 approbatis
1360 2449 1463 2514 usque
1492 2425 1536 2491 ad
1564 2426 1656 2511 magi·

252 2530 386 2594 sterium
416 2524 572 2589 inclusive
594 2527 744 2590 continue
770 2526 962 2592 inmorando
984 2538 1017 2593 et
1037 2537 1112 2593 actu
1136 2529 1259 2593 steterit
1285 2526 1394 2613 ibique
1408 2527 1457 2603 in
1474 2523 1657 2593 'scolasticis

249 2626 375 2693 actibus
405 2622 616 2709 latinisando‚
649 2624 828 2710 arguendo,
863 2625 1091 2713 respondendo
1123 2635 1155 2691 et
1186 2625 1378 2713 opponendo
1407 2623 1601 2712 diligencius
1628 2623 1657 2686 in

248 2727 360 2792 ordine
382 2746 440 2788 suo
468 2725 702 2788 exercitaverit«
722 2734 890 2809 ceteraque
918 2725 1047 2811 collegii
1064 2735 1131 2790 >aut
1155 2725 1274 2791 bursae
1293 2720 1370 2790 iirra
1386 2734 1423 2790 ut
1444 2747 1543 2789 verus
1563 2722 1656 2809 inqui-

247 2826 332 2890 linus
354 2845 412 2909 per
435 2846 468 2887 se
488 2825 643 2905 tenueril3
669 2825 734 2886 nisi
757 2822 878 2887 ibidem
903 2824 1142 2909 habitacionem
1162 2847 1183 2890 a
1203 2825 1337 2911 collegio
1360 2833 1417 2888 aut
1440 2821 1545 2888 bursa
1567 2823 1657 2910 privi-

207 2925 403 3010 relegissem
436 2920 682 3010 inhabitayerit3
712 2921 834 2985 nullam
865 2921 1002 3008 deniqu'e
1029 2924 1108 2989 alibi
1140 2923 1203 2989 sibi
1232 2944 1421 3011 quacunque
1452 2920 1658 2996 excusacione

250 3047 307 3088 seu
336 3024 504 3087 occasione
531 3019 598 3086 doli
626 3033 682 3084 eut
710 3022 926 3108 cuiuscunque
954 3023 1059 3088 malae
1085 3024 1279 3109 suspicionis
1306 3014 1658 3114 velointerpretacionis

250 3133 344 3188 extra
370 3121 541 3206 collegium
570 3128 625 3184 aut
649 3118 781 3184 bursam
808 3120 1024 3206 approbatam
1045 3120 1281 3187 habitacionem
1303 3121 1467 3203 habuerit,
1495 3122 1562 3185 nisi
1581 3117 1658 3184 filius

251 3222 391 3286 civitatis
417 3221 560 3284 extiterit
577 3216 630 3282 vel
653 3218 735 3283 adeo
756 3218 1017 3302 habundaveritq
1038 3221 1125 3308 quod
1151 3222 1318 3309 propriam
1343 3219 1473 3285 domum
1501 3230 1534 3284 et
1561 3219 1659 3306 coqui·

250 3345 325 3386 nam
355 3320 395 3384 de
426 3320 506 3383 suis
522 3316 740 3382 tantummodo
764 3317 974 3403 proventibus
1002 3341 1073 3384 cum
1104 3343 1161 3385 suo
1185 3321 1340 3406 magistro
1370 3327 1427 3383 aut
1458 3320 1659 3384 informatore

216 3431 359 3486 25tenere
381 3407 533 3505 potuerit,
562 3439 618 3481 seu
640 3426 830 3502 paupertate
859 3417 1014 3502 grauatus
1046 3418 1213 3483 serviendo
1242 3418 1320 3484 alibi
1349 3411 1524 3504 expensas
1540 3420 1573 3483 in
1599 3425 1659 3481 toto

252 3522 372 3606 poterit
390 3517 510 3582 habere
532 3517 644 3601 gratis.
685 3514 737 3602 De
759 3538 821 3602 quo
843 3528 875 3579 et
895 3516 1030 3602 singulis
1051 3519 1239 3604 praemissis
1261 3518 1382 3583 decano
1403 3516 1569 3582 facultatis
1589 3527 1659 3579 tem·

251 3641 331 3707 pore
359 3640 437 3682 suae
462 3615 718 3701 dispensacionis
744 3624 776 3677 et
803 3615 951 3679 introitus
974 3616 1033 3680 sub
1056 3636 1114 3681 suo
1136 3618 1323 3699 iuramento,
1352 3615 1524 3703 praedicta
1544 3618 1659 3700 integre

250 3741 285 3784 se
305 3716 491 3803 complesse,
513 3716 620 3778 iurare
643 3714 686 3776 sit
705 3710 877 3798 obligatus,
897 3712 978 3778 alias
1000 3714 1043 3779 ad
1065 3738 1200 3780 examen
1217 3716 1499 3801 velptemptamen,
1520 3726 1555 3780 ut
1574 3736 1658 3802 prae

249 3819 384 3883 missum
406 3824 468 3896 est,
494 3814 580 3878 omni
609 3813 822 3876 excusatione
845 3824 968 3876 semota
995 3813 1177 3879 nullatenus
1199 3813 1396 3880 admittatur.
1434 3814 1546 3879 Debet
1565 3816 1658 3879 eciam

208 3928 283 3983 30et
304 3924 428 3980 tenetur
451 3912 584 4000 quilibet
604 3913 831 3996 magistrorum
855 3911 958 3975 sciens
980 3911 1227 3979 talemrealiter
1242 3924 1273 3977 et
1295 3937 1367 3979 cum
1388 3914 1503 3979 effectu
1524 3925 1659 4000 tempore

254 4039 330 4082 suae
352 4013 607 4100 dispensacionis
630 4023 687 4076 aut
707 4011 857 4076 introitus
878 4010 1037 4097 impedire
1060 4024 1092 4078 et
1113 4013 1333 4079 denuneciare.

305 4429 311 4440 ·
330 4406 340 4456 l
362 4400 459 4454 Dieser
475 4395 624 4451 Beschluss
641 4393 739 4466 gehbrt
757 4395 905 4467 allerdings
922 4396 1007 4452 sehon
1025 4398 1086 4465 dem
1104 4395 1191 4452 Jahre
1210 4402 1274 4454 1436
1291 4414 1328 4450 an
1340 4394 1408 4472 (ng
1428 4395 1501 4451 oben
1518 4395 1660 4464 83118),

255 4484 327 4540 doch
343 4484 391 4538 bin
409 4481 453 4537 ich
472 4480 585 4552 geneigt
602 4478 797 4548 anaunehmen‚
815 4480 878 4534 dass
897 4480 941 4535 die
959 4481 1132 4552 vorliegende
1150 4477 1349 4536 Niedersohrift
1368 4485 1424 4534 erst
1442 4478 1570 4552 erfolgte,
1585 4477 1661 4543 nacla

252 4571 313 4624 dem
338 4568 387 4622 der
408 4564 555 4621 Beschluss
579 4563 624 4617 die
646 4563 773 4634 Passung
794 4562 917 4618 erhalten
940 4563 1027 4630 hatte,
1051 4567 1097 4621 die
1120 4583 1150 4620 er
1170 4565 1200 4619 in
1223 4565 1277 4619 den
1298 4562 1432 4617 Zusiitzen
1452 4565 1504 4619 der
1526 4565 1659 4620 Statnten·

252 4650 392 4708 redaction
406 4668 459 4706 von
477 4655 565 4714 143617
583 4648 658 4718 zeigt
674 4648 739 4716 (vgl.
749 4645 820 4701 oben
832 4651 890 4714 343,
901 4651 952 4716 24).
978 4648 1024 4702 Da
1043 4667 1100 4703 nun
1117 4650 1167 4703 der
1176 4648 1351 4718 vorliegende
1360 4645 1471 4702 Affikel
1482 4648 1546 4719 (12),
1561 4643 1659 4703 obvobl

253 4736 398 4791 scheinbar
415 4735 460 4790 ein
478 4735 588 4801 Zusata
605 4730 677 4786 doch
696 4730 819 4786 offenbar
836 4732 1013 4787 unmittelbsr
1029 4749 1186 4788 zusammen
1202 4732 1252 4786 mit
1268 4733 1331 4787 dem
1349 4730 1600 4803 Verbergehenden
1619 4745 1659 4800 ge

252 4819 394 4874 schrieben
412 4818 456 4885 ist,
480 4818 529 4872 der
549 4818 650 4870 Zusatz
668 4815 697 4869 in
715 4814 768 4868 den
785 4813 913 4870 Statuteu
930 4816 982 4887 (86,
1000 4817 1026 4888 3)
1045 4816 1111 4871 aber
1127 4815 1205 4870 nicht
1222 4833 1272 4871 vor
1288 4816 1352 4872 dem
1368 4814 1493 4890 Sommer
1513 4821 1577 4872 1437
1594 4808 1659 4869 kann

253 4902 353 4972 erfolgt
370 4901 436 4969 sein,
456 4919 486 4956 so
505 4901 541 4955 ist
559 4901 660 4954 daraus
679 4917 714 4952 zu
731 4896 886 4967 schliessen‚
911 4899 975 4954 dass
991 4900 1066 4956 diese
1083 4899 1195 4955 Statuta
1212 4899 1335 4971 legibilia
1349 4897 1504 4955 frithestens
1521 4897 1593 4954 nach
1606 4897 1658 4952 dm

254 4987 375 5041 Sommer
396 4990 456 5040 1437
476 4981 747 5055 niedergeschrieben
764 4982 883 5036 worden

331 5073 346 5122 2
365 5068 422 5122 Der
438 5067 586 5122 Beschluss
605 5067 642 5136 ist
656 5085 710 5120 nur
727 5065 794 5135 hier,
816 5065 894 5119 nicht
911 5065 1010 5135 (wohin
1027 5084 1058 5122 er
1072 5051 1145 5121 doch
1162 5071 1254 5121 zuerst
1270 5065 1370 5138 gebbrt
1386 5065 1474 5139 hate)
1490 5065 1521 5120 in
1535 5066 1588 5121 den
1605 5063 1656 5120 sa·

252 5158 332 5210 tuten
347 5152 433 5207 selbst
448 5151 662 5222 nacbgetragen.
