3756 6158
366 499 427 564 614
864 491 915 543 Dis
935 488 1120 541 mediciniscbe
1138 487 1266 542 Faculttt.

358 679 515 744 talentum
543 701 641 743 unum
672 675 712 741 de
742 674 901 756 confecto,
930 674 957 738 si
986 671 1110 760 plures,
1141 670 1277 759 quilibet
1304 694 1401 736 unum
1430 670 1591 736 talentum
1622 692 1684 758 pro
1713 669 1796 734 dono

360 780 476 844 offerre
497 777 666 843 tenebitur.
708 775 753 841 Et
773 774 858 840 ultra
878 774 940 839 hoc
961 771 1081 838 habeat
1101 771 1298 837 voluntatem
1321 772 1497 853 secretarii,
1520 793 1583 858 pro
1606 769 1793 836 huiusmodi

357 877 459 942 literis
487 875 807 942 vicecancellariatus
839 873 970 960 scriptis
1001 871 1107 937 eidem
1138 870 1383 954 satisfaciend03
1420 879 1470 936 est
1501 878 1613 936 autem
1654 871 1792 958 pecunia

358 978 454 1042 unius
474 976 589 1041 floreni
610 978 645 1040 in
666 997 746 1040 auro
767 996 841 1038 oum
862 981 1000 1060 quatuor
1021 970 1155 1057 grossis.

317 1084 335 1141 5
444 1082 472 1144 6.
496 1072 556 1162 [Bl.
578 1072 628 1163 5⁸]
651 1073 822 1140 Admissus
843 1072 887 1137 ad
909 1091 1047 1136 examen
1076 1091 1135 1156 per
1157 1068 1305 1135 doctores
1332 1068 1550 1135 licentiandus
1572 1078 1607 1135 et
1629 1071 1792 1136 examina·

361 1183 424 1257 tus,
454 1184 626 1260 antequam
656 1174 718 1239 sibi
748 1194 806 1260 per
828 1171 976 1236 doctores
1005 1169 1131 1234 dicatur
1155 1191 1347 1256 responsum
1373 1190 1433 1256 per
1455 1167 1609 1234 doctores
1630 1170 1793 1236 examina·

362 1283 449 1339 tores
471 1274 511 1339 de
533 1274 602 1339 eins
625 1273 831 1353 admissione,
861 1270 965 1335 solvet
994 1292 1054 1356 pro
1083 1267 1195 1333 labore
1225 1277 1257 1333 et
1288 1267 1401 1335 solatio
1423 1267 1595 1334 doctorum
1626 1268 1793 1336 duodecim

361 1373 513 1456 florenos,
542 1376 597 1460 qui
627 1371 804 1458 aequaliter
825 1373 860 1434 in
882 1392 937 1434 eos
964 1366 1208 1432 distribuantur.
1250 1367 1428 1434 Tenebitur
1449 1369 1547 1433 etiam
1568 1367 1720 1435 dominos
1741 1368 1792 1434 do

364 1481 469 1538 otores
497 1482 529 1537 et
556 1471 787 1537 baccalaureos
815 1490 893 1534 suae
920 1467 1083 1533 facultatis
1111 1467 1146 1532 in
1175 1466 1313 1554 prandio
1339 1467 1517 1534 honorifice
1544 1467 1678 1555 quoad
1702 1490 1792 1557 pocu-

324 1581 355 1636 10
366 1571 453 1636 lenta
473 1582 505 1636 et
526 1570 690 1636 esculenta
710 1569 852 1635 reficere.

454 1677 483 1735 7.
504 1669 738 1735 Licentiandus
759 1664 1026 1733 vicecancellario
1049 1687 1117 1748 sno,
1145 1675 1317 1752 antequam
1339 1669 1491 1753 apperiat
1515 1689 1668 1749 examen,
1690 1689 1793 1732 nume·

365 1768 454 1835 rabit
475 1771 616 1858 quinque
636 1769 776 1833 florenos
798 1776 830 1831 et
849 1764 978 1831 famulis
992 1766 1213 1831 universitatis
1233 1767 1268 1829 in
1287 1775 1451 1853 apparatu
1469 1766 1700 1832 licentiaturae
1720 1789 1793 1833 snae

367 1869 447 1934 duos
465 1869 604 1934 florenos
623 1869 657 1932 in
678 1890 769 1932 auro.

451 1976 481 2038 8.
502 1967 629 2033 Iurabit
649 1968 727 2032 item
752 1965 969 2032 licentiandus
990 1967 1024 2030 in
1050 1975 1211 2052 apparatu
1239 1987 1317 2030 suae
1343 1964 1567 2032 licentiatuuae
1589 1965 1704 2032 verbis
1725 1988 1793 2032 con·

326 2069 471 2155 receptis
494 2089 536 2133 ex
558 2088 614 2132 ore
635 2067 730 2132 unius
750 2065 944 2132 famulorum
964 2065 1186 2130 universitatis
1206 2064 1268 2130 hoc
1289 2063 1404 2130 modo:

959 2232 1199 2281 warnestun.

447 2349 610 2433 „Domine
630 2348 835 2432 licentiande,
856 2371 915 2413 vos
936 2347 1097 2431 iurabitis,
1118 2347 1205 2435 quod
1225 2346 1331 2413 velitis
1353 2369 1530 2434 procurare
1552 2346 1674 2414 bonum
1696 2348 1794 2415 facul·

367 2451 444 2515 tatis
470 2449 632 2532 medicae,
660 2448 702 2513 ad
733 2469 954 2537 quemcunque
983 2457 1102 2513 statum
1131 2447 1343 2529 deveneritis,
1373 2449 1449 2512 item
1477 2447 1564 2533 quod
1594 2469 1660 2513 non
1691 2447 1793 2514 velitis

316 2550 320 2569 '
367 2572 530 2616 resumere
552 2548 715 2614 licentiam
736 2551 770 2614 in
791 2547 857 2613 alia
877 2548 1098 2629 universitate,
1126 2558 1158 2612 et
1184 2545 1271 2633 quod
1300 2545 1407 2611 velitis
1435 2549 1470 2611 in
1495 2549 1560 2612 ista
1586 2549 1795 2613 universitate

327 2658 404 2715 lbet
424 2671 489 2714 non
510 2647 590 2713 alibi
609 2650 754 2734 recipere
775 2648 918 2733 insignia
939 2646 1127 2728 doctoralia,
1155 2667 1215 2711 nec
1245 2645 1412 2733 superbis
1433 2644 1475 2710 ab
1497 2645 1606 2734 aliquo
1629 2649 1796 2735 superiore

370 2759 481 2836 petere
503 2746 778 2833 dispensationem
800 2769 857 2812 seu
877 2768 897 2810 a
917 2747 1097 2812 iuramento
1119 2744 1364 2811 absolutionem.
1384 2745 1529 2811 Dicatis:
1557 2744 1632 2833 Ego
1655 2748 1760 2814 iuro.“

913 2930 961 2978 nr
982 2928 1241 2978 nocromums.

817 3048 925 3112 capus
941 3048 998 3100 xv.
1024 3043 1098 3115 (vn.
1115 3051 1138 3099 a.
1158 3047 1194 3098 ss.
1213 3047 1333 3114 ao—ar.)

451 3170 479 3229 1.
499 3163 700 3228 Licentiatus
729 3162 920 3244 medicinae,
953 3175 1066 3250 petens
1095 3163 1239 3248 insignia
1270 3162 1459 3244 doctoralia,
1488 3161 1589 3228 debet
1618 3164 1743 3230 decano
1769 3172 1798 3228 et

326 3262 559 3330 25dootoribus
588 3261 628 3326 de
652 3260 786 3326 consilio
814 3262 980 3326 facultatis
1009 3264 1207 3349 promittere,
1235 3260 1322 3349 quod
1348 3270 1495 3349 tempore
1523 3263 1709 3350 recipiendi
1729 3263 1797 3350 byr-

371 3374 477 3429 retum
498 3373 530 3426 et
552 3360 618 3426 alia
638 3362 780 3446 insignia
802 3360 982 3426 doctoralia
1004 3361 1082 3427 velit
1110 3361 1330 3426 solemnitates
1358 3360 1451 3426 aulae
1478 3384 1541 3427 nec
1569 3385 1636 3428 non
1667 3363 1798 3429 aliorum

373 3473 503 3528 actuum
532 3461 620 3525 circa
648 3460 788 3543 easdem,
820 3462 915 3526 sicuti
944 3460 1108 3526 videbitur
1136 3460 1322 3526 doctoribus
1352 3459 1392 3525 de
1422 3460 1558 3527 consilio
1587 3462 1753 3528 facultatis
1771 3472 1799 3526 et

368 3584 434 3627 non
454 3559 559 3641 aliter,
582 3559 746 3645 expedire.

454 3667 482 3726 2.
503 3659 657 3723 Decanus
686 3658 850 3724 facultatis
878 3661 965 3725 omni
987 3670 1133 3746 tempore
1164 3669 1212 3723 est
1239 3659 1432 3747 principalis
1455 3670 1625 3747 promotor
1648 3663 1797 3749 cuiusque

328 3757 563 3828 30doctorandi
593 3758 626 3822 in
658 3758 836 3840 medicina,
870 3769 1110 3848 compromotor
1138 3781 1216 3823 vero
1247 3759 1364 3844 aliquis
1395 3760 1566 3826 doctorum
1596 3760 1637 3826 dc
1670 3759 1796 3827 consilio

369 3859 532 3926 facultatis
554 3859 647 3922 iuxta
669 3857 814 3922 ordinem
837 3861 932 3942 senii,
962 3858 1147 3946 incipiendo
1168 3881 1188 3922 a
1209 3860 1316 3945 primo
1340 3862 1466 3924 seniore
1488 3870 1564 3947 post
1588 3860 1747 3926 decanum
1771 3872 1797 3924 et

371 3962 418 4025 sic
440 3960 593 4044 deinceps
615 3957 658 4021 ad
684 3959 843 4021 iuniorem
871 3958 1081 4037 deveniendo,
1111 3968 1224 4045 postea
1254 3958 1294 4022 de
1322 3981 1406 4024 novo
1428 3960 1576 4024 vicissim
1605 3959 1796 4047 incipiendo.

371 4060 554 4125 Promotori
576 4068 684 4122 autem
706 4057 881 4145 principali
903 4057 1074 4123 duodecim
1095 4057 1233 4122 florenos
1256 4069 1288 4123 et
1309 4060 1559 4146 compromotori
1583 4082 1642 4124 sex
1665 4060 1796 4125 florenos

373 4182 434 4247 pro
471 4158 583 4223 labore
614 4156 763 4222 habendo
795 4168 827 4221 et
861 4157 979 4224 solatio.
1007 4179 1116 4222 eorum
1150 4158 1249 4223 biduo
1283 4169 1357 4223 ante
1389 4161 1626 4245 promotionem
1659 4157 1797 4224 novellus

334 4269 368 4326 35
380 4260 493 4324 doctor
516 4257 641 4322 solvere
663 4255 773 4338 debet,
803 4267 834 4321 et
856 4268 1029 4344 antequam
1051 4257 1113 4323 hoo
1133 4258 1247 4322 fecerit
1274 4268 1330 4322 aut
1351 4281 1462 4323 eorum
1483 4258 1689 4324 voluntatem
1711 4258 1798 4347 plene

372 4381 436 4424 non
457 4358 645 4435 obtinuerit,
674 4355 717 4420 ad
746 4356 915 4421 consilium
936 4357 1099 4422 facultatis
1121 4357 1267 4422 medicae
1296 4358 1338 4422 ad
1367 4380 1458 4422 suam
1481 4360 1720 4445 promotionem
1741 4381 1798 4422 non

372 4460 571 4524 admittatur.
613 4456 649 4521 Si
669 4479 746 4522 voro
769 4456 878 4544 plures
901 4456 1090 4521 doctorandi
1112 4458 1232 4522 fuerint
1253 4457 1363 4523 eodem
1385 4469 1542 4544 tempore,
1564 4457 1710 4524 decanus
1731 4480 1798 4545 pro

372 4570 476 4623 motor
498 4558 560 4621 erit
582 4555 773 4643 principalis
797 4580 859 4641 quo
883 4556 926 4620 ad
949 4556 1102 4642 singulos,
1132 4567 1164 4620 et
1191 4579 1210 4621 a
1237 4556 1379 4642 quolibet
1399 4559 1546 4643 ipsorum
1569 4557 1706 4623 habebit
1728 4558 1798 4621 duo

372 4658 476 4722 decim
498 4657 647 4739 florenos,
670 4665 906 4742 compromotor
927 4667 1044 4738 autem,
1066 4658 1120 4744 qui
1142 4658 1256 4720 unicus
1278 4678 1348 4721 esse
1366 4657 1473 4741 debet,
1495 4659 1634 4744 recipiet
1656 4656 1798 4724 similiter

330 4756 415 4822 thb
444 4779 636 4843 unoquoque
665 4778 724 4819 sex
753 4755 902 4836 florenos,
935 4778 995 4842 pro
1024 4778 1058 4819 se
1090 4757 1232 4820 retinens
1262 4766 1387 4821 tantum
1421 4781 1489 4838 sex,
1521 4756 1666 4845 reliquos
1697 4767 1797 4822 autem

372 4857 456 4921 inter
490 4856 637 4921 doctores
671 4855 752 4920 alios
786 4865 955 4942 sequentes
986 4857 1019 4918 in
1052 4854 1220 4919 medicinis
1253 4856 1576 4943 proportionabiliter
1609 4855 1796 4922 distribuere

373 4953 543 5035 tenebitur,
573 4955 634 5019 hoc
653 4954 749 5019 modo
771 4956 962 5041 utquisque
985 4977 1043 5018 sex
1065 4953 1209 5019 obtineat
1230 4954 1385 5038 florenos3
1414 4966 1446 5019 et
1467 4955 1629 5038 doctores,
1657 4967 1795 5022 carentes

373 5055 435 5120 hac
448 5057 519 5118 vice
541 5054 753 5119 emolumento
777 5053 1060 5135 doctorandorum,
1083 5053 1145 5118 alio
1168 5064 1322 5142 tempore,
1345 5056 1405 5120 deo
1427 5056 1568 5138 favente,
1591 5055 1793 5121 consimiliter

373 5156 577 5242 participent.
621 5154 667 5218 Et
688 5156 735 5219 sic
756 5154 844 5242 quod
867 5153 1012 5218 differtur
1034 5176 1099 5218 non
1120 5156 1249 5219 omnino
1272 5156 1439 5222 auffertur.
