3756 6158
533 515 582 563 Dis
600 515 718 565 Statuten
736 517 782 563 des
801 530 910 578 gromen
929 517 1039 580 Collega
1058 531 1119 566 vom
1136 517 1218 566 Jahre
1241 518 1310 572 1416.
1574 525 1631 586 177

671 698 951 762 trummacum
972 716 1185 765 essaeosmr.

289 811 386 897 „Ego
409 811 457 876 .N.
480 813 559 893 imo,
581 813 736 897 pecunias
760 811 897 899 collegii,
926 815 953 879 si
976 836 1058 901 quae
1080 814 1123 880 ad
1144 838 1258 879 manus
1280 836 1369 879 meas
1391 816 1531 898 veniunt,
1552 817 1635 881 velle

205 910 346 976 fideliter
358 910 557 998 dispensare,
580 911 806 998 aequalitatem
829 934 892 997 quo
913 912 956 978 ad
975 916 1150 1000 magistros
1166 913 1342 978 observare
1364 916 1411 989 (in
1429 914 1483 980 illo
1503 916 1634 999 scilicet,

206 1011 294 1099 quod
324 1009 445 1076 nullius
474 1031 647 1097 personam
677 1013 825 1097 magistri
855 1010 896 1076 de
923 1012 1059 1099 collegio
1082 1036 1161 1100 prae
1190 1012 1253 1078 alio
1275 1012 1349 1079 volo
1370 1025 1550 1101 acceptare,
1580 1016 1636 1080 sed

207 1125 376 1198 tamquam
392 1132 532 1197 persona
547 1111 725 1175 communis
747 1111 780 1174 in
798 1111 893 1175 factis
914 1111 1126 1198 collegiivolo
1149 1112 1392 1189 administrare)
1414 1124 1445 1177 et
1467 1115 1508 1178 ad
1530 1118 1633 1180 cuius·
1661 1125 1677 1179 5

206 1232 334 1295 cunque
356 1211 506 1295 magistri
528 1208 568 1273 de
587 1208 721 1296 collegio
737 1211 996 1297 requisitionem,
1020 1213 1272 1298 quotiescunque
1292 1235 1350 1299 per
1367 1235 1440 1277 cum
1461 1217 1635 1301 requisitus

205 1310 308 1390 fuero,
330 1307 415 1374 velle
438 1307 609 1394 collegium
631 1309 717 1373 infra
741 1308 827 1373 diem
848 1309 1029 1377 naturalem
1052 1332 1240 1393 convocare,
1267 1310 1386 1375 boumn
1415 1311 1541 1399 collegii
1562 1337 1634 1401 pro·

206 1431 331 1489 curare,
361 1417 482 1472 statuta
506 1417 538 1471 et
561 1406 742 1490 statuenda,
771 1411 980 1496 respicientia
1003 1418 1122 1474 statum
1151 1411 1339 1496 praepositi,
1369 1411 1503 1476 firmiter
1525 1413 1634 1478 obser·

207 1529 295 1588 rare,
324 1509 371 1572 ita
392 1506 478 1595 quod
498 1505 563 1571 levi
591 1506 798 1593 negligentia,
826 1530 909 1596 quae
936 1531 1001 1574 non
1026 1509 1063 1572 fit
1088 1531 1130 1573 ex
1158 1513 1335 1596 proposito,
1365 1512 1543 1597 periurium
1572 1535 1635 1577 non

207 1608 404 1671 incurram.“
1645 1621 1676 1676 10

352 1732 380 1790 4.
403 1740 659 1790 coueuotssssto
682 1740 933 1791 unols'rsouuu
953 1742 1127 1791 ratmunt
1148 1743 1364 1792 essaeoslso
1387 1743 1494 1792 novo.

290 1840 385 1922 Item,
405 1839 491 1906 facto
515 1841 695 1905 iuramento
719 1839 909 1926 praepositi,
932 1838 1069 1925 quilibet
1087 1840 1243 1926 magister
1253 1844 1426 1929 premittat
1434 1846 1632 1931 praeposito,

208 1938 291 2026 quod
321 1938 400 2003 velit
431 1938 474 2003 ad
512 1940 775 2004 convocationem
803 1940 905 2025 ipsius
942 1941 1120 2025 praepositi
1147 1941 1259 2005 venire
1287 1961 1327 2006 ac
1354 1964 1477 2028 poenes
1508 1942 1632 2009 solvere

209 2050 262 2103 aut
285 2060 321 2102 se
344 2040 458 2125 poenis
481 2038 669 2104 submittere
695 2039 730 2102 in
756 2048 869 2103 tenore
898 2039 1139 2104 convocationis
1166 2041 1331 2126 expressis
1358 2052 1390 2105 et
1418 2045 1632 2109 reverentiam

209 2147 316 2201 tenere
340 2159 419 2223 erga
446 2140 667 2225 praepositum
695 2139 730 2202 in
755 2160 868 2203 mensa
896 2138 1032 2224 collegii,
1059 2140 1093 2204 in
1120 2139 1411 2207 convocacionibus
1438 2149 1471 2205 et
1498 2142 1531 2205 in
1560 2143 1675 2210 aliistt

209 2239 299 2301 lactis
322 2235 452 2321 collegii
480 2246 512 2301 ct
538 2235 676 2301 fideliter
704 2239 892 2323 praeposito
915 2239 1067 2304 assistere
1095 2240 1146 2303 in¹
1173 2239 1223 2322 iis,
1251 2262 1334 2324 quae
1360 2239 1479 2305 bonum
1506 2242 1634 2330 collegii

209 2345 412 2401 concernunt

519 2459 546 2519 5.
569 2471 616 2517 us
639 2469 802 2517 raucone
827 2470 1109 2522 comursrmms
1131 2473 1344 2521 ensueosrrr.

289 2568 438 2650 Quilibet
457 2569 663 2656 praepositus
684 2566 846 2633 tenebitur
870 2571 918 2635 bis
947 2570 1055 2636 facere
1084 2575 1245 2638 rationem
1264 2571 1306 2637 de
1327 2573 1486 2658 expositis
1508 2585 1541 2639 et
1561 2597 1632 2661 per·

212 2670 308 2754 ceptis
331 2691 409 2733 suae
432 2669 687 2755 praepositurae,
708 2670 755 2734 ita
780 2669 866 2756 quod
882 2671 968 2734 infra
980 2672 1121 2756 primum
1135 2693 1288 2754 mensem,
1299 2671 1484 2737 immediate
1500 2685 1675 2758 sequen-20

213 2780 270 2832 tem
292 2768 435 2855 primum
456 2767 597 2833 medium
620 2789 740 2834 annum
761 2791 839 2833 suae
863 2770 1122 2856 praepositurae,
1146 2769 1245 2836 semel
1272 2780 1303 2836 et
1329 2773 1363 2835 in
1384 2772 1491 2858 primo
1513 2796 1632 2857 mense,

211 2867 393 2932 immediate
421 2879 573 2954 sequente
594 2867 690 2932 finem
718 2890 796 2933 suae
824 2869 1080 2956 praepositurae,
1109 2869 1270 2936 tenebitur
1292 2870 1496 2937 summariter
1524 2873 1631 2938 iacere

211 2967 373 3049 rationem,
397 2965 456 3031 sub
477 2989 582 3054 poena
604 2969 698 3032 unius
721 2989 912 3054 sexagenas.

441 3123 468 3183 b.
490 3134 536 3180 DE
559 3133 755 3183 submoue
777 3135 1025 3184 exeosl'rolmu
1046 3137 1219 3186 uncturum
1240 3138 1425 3188 conanum.

285 3251 371 3319 Item
400 3250 652 3338 quotiescunque
680 3252 887 3338 praepositus
913 3253 1011 3316 fuerit
1036 3251 1211 3338 requisitus
1235 3274 1294 3338 per
1320 3255 1475 3320 maiorem
1504 3267 1672 3344 partem25

208 3347 333 3436 collegii
355 3359 571 3436 praesentem,
592 3372 755 3415 summare
777 3351 993 3437 septimanam
1014 3372 1121 3432 unam,
1142 3348 1225 3416 duas
1246 3352 1386 3419 veltres
1407 3356 1577 3440 tenebitur,
1600 3369 1632 3421 et

208 3447 326 3515 dictam
356 3471 515 3514 summam
541 3449 593 3514 vel
619 3472 761 3535 summas
789 3448 925 3536 collegio
952 3450 1038 3515 infra
1064 3450 1277 3536 septimanam
1304 3474 1383 3519 suae
1410 3457 1630 3544 requisitionis

207 3547 367 3614 tenebitur
385 3548 541 3632 indicare,
564 3548 624 3615 sub
644 3572 750 3636 poena
770 3549 897 3615 mediae
920 3564 1112 3636 sexagenas.

594 3723 622 3784 t.
645 3734 691 3781 nu
713 3735 785 3783 sou
805 3733 973 3783 suasano
995 3734 1123 3784 enemo
1144 3735 1317 3784 ramnus.

285 3849 368 3917 Item
391 3850 596 3937 praepositus
616 3850 753 3937 propria
773 3851 946 3916 autoritate
968 3860 1000 3915 et
1021 3851 1090 3914 sine
1112 3873 1271 3916 consensu
1292 3851 1419 3938 collegii
1440 3877 1503 3919 non
1531 3853 1672 3920 habetat

211 3951 344 4033 pretium
367 3947 504 4013 alicuius
527 3946 568 4012 de
593 3947 716 4013 familia
738 3948 866 4035 collegii
896 3958 1116 4035 augmentare,
1143 3949 1201 4015 sed
1221 3952 1293 4016 visa
1317 3953 1504 4019 rationabili
1532 3977 1630 4019 causa

209 4045 304 4113 babet
324 4048 466 4134 pretium
487 4046 624 4113 alicuius
645 4047 727 4113 bene
748 4047 935 4115 diminuere.

525 4202 554 4268 8.
578 4217 625 4264 ns
647 4215 814 4265 srsrums
836 4215 1078 4265 suannouunrs
1098 4219 1121 4264 s
1141 4217 1366 4266 rusurosmo.

288 4331 370 4398 Item
392 4333 598 4421 praepositus
618 4332 780 4398 tenebitur
800 4333 886 4397 infra
906 4355 1050 4398 mensem
1078 4355 1155 4397 suae
1182 4335 1426 4420 praepositurae
1453 4335 1630 4422 perlegisse

212 4433 315 4497 omnis
338 4441 460 4498 statuta
480 4430 608 4519 collegii
636 4431 698 4498 sub
718 4454 825 4520 poena
850 4434 944 4497 unius
974 4453 1167 4519 sexagenas,
1193 4442 1225 4497 et
1252 4431 1387 4520 quilibet
1411 4433 1452 4498 de
1478 4457 1562 4502 novo
1582 4438 1671 4501 in-35

213 4539 298 4597 trans
317 4531 406 4597 infra
425 4531 562 4598 eundem
584 4533 756 4598 terminum
778 4530 939 4598 tenebitur
960 4529 1003 4596 ad
1025 4529 1112 4597 idem
1133 4530 1192 4597 sub
1212 4531 1326 4597 eadem
1348 4555 1463 4619 poena.

692 4688 720 4750 9.
742 4699 947 4748 rmsrosmr
968 4697 1177 4746 arsissans.

292 4798 375 4864 Item
398 4798 533 4886 quilibet
559 4801 766 4887 praepositus
787 4800 901 4885 quovis
929 4797 981 4864 die
1003 4819 1080 4863 suae
1102 4797 1348 4884 praepositurae
1374 4808 1501 4863 tenetur
1522 4799 1630 4864 facere

214 4897 269 4964 sibi
288 4897 419 4986 singula
438 4899 490 4964 <ad
511 4900 693 4985 registrtmr,
719 4920 801 4986 quae
824 4919 978 4985 pereum
1001 4896 1114 4961 eodem
1141 4894 1193 4960 die
1217 4907 1311 4962 erunt
1331 4900 1491 4984 exposita,
1513 4907 1545 4963 et
1563 4899 1628 4964 tale

215 4999 379 5083 registrum
398 5009 524 5064 tenetur
545 5010 754 5085 praesentare
775 5021 833 5063 suo
856 5001 1044 5062 successori.
1637 5009 1670 5062 to

220 5133 254 5142 αι,
267 5138 325 5143 —..
332 5137 542 5144 ..——-—.-

292 5188 300 5236 1
320 5182 351 5234 iss
367 5179 444 5236 fehlt.

278 5283 496 5322 ssssss'fmuoll
514 5283 571 5320 Ml
588 5281 662 5321 Um.
679 5282 800 5322 amne.
