3756 6158
692 460 742 511 nn
760 460 877 511 amusan
896 476 948 511 von
968 458 1137 513 isca-uro.
1570 454 1629 519 '601

213 642 323 709 famuli
345 664 545 732 praeparare
574 651 722 709 tenentur
743 640 930 709 cathedram
954 653 985 708 et
1014 642 1128 708 sedilia
1156 639 1331 708 honorifice
1351 663 1411 729 pro
1433 636 1630 718 doctoribus,

214 745 380 830 magistris
401 753 432 808 et
453 742 635 830 hospitibus
657 766 728 809 curn
750 745 947 810 ornamentis
967 742 1009 807 ad
1029 742 1090 807 hoc
1112 742 1274 808 consuetis
1295 742 1328 806 in
1351 740 1460 829 aliqua
1480 737 1629 804 ecclesia·

214 866 296 926 rum,
318 845 352 908 in
373 866 438 932 qua
459 853 536 909 tunc
557 842 634 908 aula
654 843 870 909 celebrabitur
892 840 1076 908 doctoralis.

298 1052 347 1113 34·
366 1061 511 1111 DOCTOR
531 1061 713 1110 novalibus
736 1061 823 1110 Posi·
847 1062 899 1111 SUI
922 1059 1173 1109 monoclerum
1196 1058 1270 1107 uox
1292 1059 1338 1106 ΔΙ)
1361 1057 1547 1106 consaluti

693 1160 907 1210 FACULTATIS
932 1160 1144 1209 ASSUHE'I'UR.
1656 1149 1673 1202 5

297 1294 419 1359 Doctor
450 1292 595 1360 novellus
625 1295 657 1359 in
693 1293 861 1358 medicinis
894 1293 947 1358 hic
975 1305 1142 1380 promotus
1170 1300 1341 1378 postquam
1373 1289 1505 1355 solverit
1539 1291 1631 1355 iuxta

215 1401 334 1457 statuta
354 1392 527 1474 solvenda,
556 1415 631 1458 mox
661 1403 736 1480 post
764 1394 975 1478 insigniorum
997 1393 1221 1488 recppcionem
1245 1386 1392 1474 (quando
1416 1389 1631 1461 affectaverit)

214 1491 258 1556 ad
279 1491 447 1557 consilium
470 1491 635 1558 facultatis
655 1492 800 1558 medicae
822 1492 1004 1579 recipietur,
1031 1490 1130 1556 salvis
1158 1501 1265 1554 tamen
1289 1491 1426 1573 statutis,
1449 1490 1629 1573 ingressum

215 1590 352 1657 alicuius
375 1590 518 1657 doctoris
539 1591 581 1656 ad
603 1592 771 1657 consilium
792 1592 954 1657 facultatis
976 1589 1235 1677 respicientibus.

214 1799 264 1860 35.
295 1811 481 1862 DOCTORES
509 1810 567 1859 mc
595 1810 752 1857 ΡΒΟΜΟΤΙ
780 1808 956 1868 QUALITEB
982 1807 1084 1856 aulos
1112 1807 1205 1856 LOCO
1226 1808 1456 1857 ANTECEDERE
1477 1807 1627 1855 DEBENT.
1640 1798 1671 1854 10

296 1940 355 2031 [bl.
377 1941 428 2030 9⁸]
452 1944 623 2009 Promotus
644 1943 678 2006 in
700 1941 946 2006 baccalaureum
967 1941 1130 2006 facultatis
1152 1939 1298 2005 medicae
1320 1942 1351 2004 in
1373 1951 1484 2005 nostra
1502 1941 1627 2004 univer·

213 2043 307 2107 sitate
338 2043 493 2130 Lipzensi
514 2050 685 2128 postquam
707 2050 889 2127 assumptus
910 2040 1008 2105 fuerit
1027 2039 1071 2104 ad
1092 2039 1263 2127 legendum
1284 2062 1344 2126 pro
1366 2039 1574 2105 licenciatura
1596 2042 1628 2104 in
1739 2061 1744 2070 ·

212 2142 381 2208 medicinis
404 2150 437 2206 et
459 2141 577 2227 legerit
599 2163 658 2227 pro
681 2139 810 2227 publico
832 2141 982 2204 examine
1004 2139 1249 2219 licenciaturae,
1278 2161 1319 2203 ex
1341 2149 1434 2220 tunc,
1456 2151 1628 2225 postquam

212 2253 378 2327 promotus
399 2241 551 2306 fueritin
574 2239 738 2305 doctorem
761 2238 939 2303 medicinae
960 2241 993 2303 in
1017 2238 1078 2303 hac
1099 2238 1320 2319 universitate,
1342 2241 1470 2325 praeire
1486 2237 1581 2304 debet
1594 2240 1629 2304 in

210 2339 280 2404 loco
303 2339 478 2428 quemlibet
501 2339 600 2404 alium
631 2338 793 2404 doctorem
822 2338 1000 2404 medicinae
1032 2339 1064 2401 in
1097 2336 1162 2401 alia
1194 2338 1404 2402 universitate
1432 2349 1624 2424 promotum,
1640 2352 1669 2404 ts

211 2440 273 2503 nisi
296 2439 371 2505 talis
392 2440 506 2505 doctor
528 2438 661 2503 alterius
682 2439 902 2503 universitatis
927 2440 960 2502 in
982 2439 1045 2502 ista
1064 2439 1273 2502 universitate
1296 2446 1369 2501 ante
1396 2435 1625 2503 admissionem

211 2538 354 2603 eiusdem
377 2537 586 2620 baccalaurii,
608 2537 650 2602 ad
672 2538 816 2601 favorem
841 2537 965 2602 scilicet
1002 2535 1130 2621 legendi
1158 2558 1218 2622 pro
1244 2536 1395 2617 licencia,
1425 2547 1510 2602 esset
1536 2561 1627 2625 prae

211 2648 403 2724 assumptus.
445 2639 529 2703 Nam
551 2636 612 2702 hoc
633 2658 712 2701 casu
735 2635 809 2701 talis
832 2634 943 2702 doctor
964 2636 1018 2700 hic
1042 2645 1208 2722 promotus
1223 2634 1363 2700 alienum
1379 2635 1540 2701 doctorem
1556 2636 1626 2703 loco

211 2738 302 2824 sequi
325 2736 429 2819 debet,
451 2737 553 2802 eciam
576 2737 604 2801 si
624 2745 700 2800 ante
720 2736 822 2823 ipsius
846 2734 988 2799 doctoris
1010 2734 1106 2800 alieni
1125 2734 1169 2800 ad
1191 2734 1358 2800 consilium
1381 2735 1543 2801 facultatis
1563 2758 1626 2800 me-

209 2834 337 2900 dicinae
359 2837 616 2922 assumpcionem
637 2833 679 2900 ad
700 2833 870 2921 legendum
893 2857 952 2921 pro
978 2832 1113 2899 licencia
1142 2843 1227 2898 esset
1253 2834 1425 2899 admissus.
1466 2835 1669 2901 Doctores20

210 2957 288 3000 vero
310 2934 364 2999 hic
385 2938 525 3022 promoti
546 2934 650 3000 locum
673 2932 815 2998 habeant
835 2935 868 2996 in
889 2932 1015 2998 actibus
1037 2931 1174 3020 publicis
1196 2934 1416 2999 universitatis
1439 2943 1471 2998 et
1493 2933 1625 2999 faculta-

208 3035 251 3098 tis
281 3033 458 3099 secundum
486 3033 702 3122 primogenita
730 3034 874 3119 ipsorum
904 3031 1081 3098 secundum
1109 3032 1279 3098 licenciam
1309 3032 1438 3120 publice
1464 3035 1497 3098 in
1532 3032 1627 3099 scolis

207 3141 373 3220 receptam
382 3134 400 3196 ¹.

207 3338 255 3400 36.
288 3350 446 3398 srsrurs
478 3349 742 3398 coucssusucrn
773 3348 979 3398 sxrauueos
1008 3348 1294 3413 succurreres,
1324 3349 1550 3400 arcessuros
1581 3353 1624 3400 ar

656 3447 841 3497 nocrosss
861 3448 955 3497 sarar
976 3447 1172 3496 raouoros.
1633 3445 1665 3500 25

289 3579 526 3646 Baccalaureus
550 3580 738 3664 medicinae,
760 3591 925 3669 promotus
950 3581 982 3644 in
1001 3578 1067 3644 alia
1080 3580 1300 3660 universitate,
1322 3592 1466 3669 tempore
1479 3607 1623 3672 assump-

207 3681 310 3746 cionis
331 3679 375 3745 ad
397 3680 582 3744 facultatem
602 3680 782 3746 medicinae
804 3689 930 3745 tenetur
952 3679 1031 3743 dare
1053 3677 1180 3742 famulis
1202 3681 1425 3746 universitatis
1447 3706 1543 3748 unum
1567 3683 1623 3750 tlo-

207 3802 320 3845 renum
341 3800 509 3844 renensem
529 3778 581 3844 vel
604 3778 840 3866 aequipollens;
862 3789 895 3844 et
916 3801 974 3843 sex
994 3776 1098 3859 fl.rh.,
1120 3800 1199 3866 quos
1218 3777 1361 3845 dedisset
1383 3803 1442 3868 pro
1463 3785 1622 3865 examine,

208 3878 235 3943 si
256 3878 310 3943 hic
331 3878 448 3942 fuisset
466 3886 641 3964 promotus,
663 3879 755 3945 dabit
774 3877 969 3944 doctoribus.

288 4011 369 4075 Item
398 4009 483 4074 idem
512 4019 637 4076 tenetur
665 4013 750 4077 infra
776 4015 917 4099 primum
948 4032 1089 4075 mensem
1119 4020 1192 4096 post
1219 4033 1310 4076 suam
1342 4015 1664 4100 assumpcionem²30

208 4109 334 4175 solvere
356 4131 416 4197 pro
436 4109 515 4174 fisco
534 4109 697 4176 facultatis
720 4110 800 4175 duos
823 4111 961 4176 florenos
982 4131 1143 4175 renenses.

288 4242 369 4306 Item
404 4264 468 4307 non
498 4239 594 4307 debet
623 4242 738 4330 aliquis
766 4253 939 4308 extraneus
970 4241 1200 4306 baccalaureus
1222 4240 1480 4331 medi[9¹>]cinae
1502 4247 1622 4311 assumi

206 4339 249 4405 ad
271 4351 415 4407 nostram
435 4340 622 4406 facultatem
644 4342 737 4406 huius
760 4341 877 4422 studii,
904 4342 967 4405 nisi
995 4342 1085 4426 prius
1116 4341 1305 4407 matriculae
1333 4344 1553 4408 universitatis
1580 4347 1622 4410 sit

203 4441 379 4527 inscriptus
402 4449 434 4505 et
453 4440 565 4505 decem
588 4464 721 4527 grossos
743 4445 861 4508 rectori
888 4455 1033 4529 tempore
1063 4442 1296 4528 assumpcionis
1327 4443 1451 4529 integre
1479 4443 1620 4510 solverit

291 4709 299 4759 1
321 4705 384 4760 Von
402 4704 518 4760 anderer
535 4707 618 4763 Hand
638 4708 675 4764 ist
690 4727 734 4765 am
752 4710 849 4766 Raude
868 4709 1090 4783 nacbgetragen:
1126 4714 1164 4766 At
1186 4713 1213 4765 ri
1241 4709 1395 4764 licentiata
1417 4709 1520 4782 alr‘qru'a
1536 4712 1617 4769 aaa

206 4789 393 4844 uaivndtatis
409 4790 453 4844 cit.
470 4791 582 4847 doctore
601 4793 709 4849 alienae
725 4796 912 4850 uniums'totr‘s
928 4797 1093 4864 adamicata,
1111 4797 1161 4865 qui
1175 4796 1314 4863 ἀκμάσαι
1333 4793 1467 4860 mamma,
1480 4799 1618 4864 praesmi-

209 4875 321 4928 bandrmr
338 4881 440 4945 corpus
459 4875 604 4930 licenciato
625 4886 675 4944 eat,
697 4886 727 4932 ut
751 4880 970 4934 intrusorem
995 4881 1167 4933 doctoratum
1188 4885 1334 4949 comparet.
1369 4877 1449 4940 Quod
1471 4880 1497 4930 ri
1508 4884 1619 4949 sscars‘t,

201 4959 404 5028 praeferendas
423 4958 531 5014 alienae
546 4963 731 5016 maratoth
749 4964 860 5016 doctori
874 4971 900 5017 rt
916 4963 978 5018 loco
995 4970 1020 5016 ct
1037 4964 1185 5017 conmodis
1203 4971 1257 5029 αις
1280 4962 1308 5014 ai
1330 4960 1488 5029 scolam,
1514 4962 1620 5020 daban

206 5049 328 5112 receptus
345 5042 489 5097 liccnm'ato
505 5052 604 5114 posteo
621 5047 651 5098 in
668 5048 804 5100 doctorem
822 5053 953 5101 rororsoto
967 5053 1156 5119 praeferatur.

290 5131 305 5181 2
324 5124 400 5180 suu
416 5126 467 5181 der
483 5126 581 5184 wora
598 5129 679 5199 infra
692 5129 734 5185 bis
750 5132 965 5202 amdam
982 5131 1020 5187 ist
1037 5134 1131 5205 πρίω
1148 5129 1326 5204 gmdrfiaban
1343 5131 1444 5188 mas
