3756 6158
644 476 647 482 ’
686 529 688 533 ¹
736 461 786 512 Dis
807 459 1026 524 philosophische
1046 458 1173 510 Faculttt.

824 648 1209 726 mmma,

327 774 409 839 Item
430 773 564 861 quilibet
584 774 840 840 baccalariorum
861 777 896 841 in
922 776 1047 842 artibus
1071 784 1198 840 tenetur
1219 773 1386 860 disputare
1408 774 1441 837 in
1465 771 1581 837 ordine
1603 793 1664 835 suo.

172 893 175 899 ’
246 874 291 938 Et
312 875 340 937 si
361 874 394 937 in
416 873 540 938 artibus
561 896 625 939 non
645 874 813 957 studuerit,
835 897 936 962 aeque
956 877 990 939 in
1009 874 1122 940 ordine
1144 896 1201 938 suo
1222 882 1348 937 tenetur
1370 871 1551 959 disputare,
1570 869 1665 934 donec

246 973 412 1038 biennium
439 995 530 1037 suum
556 973 781 1061 compleverit,
814 974 874 1039 sub
901 997 1007 1062 poena
1036 974 1147 1039 decem
1177 993 1362 1058 grossorum
1393 970 1534 1036 decano
1549 968 1664 1058 persol-

203 1070 430 1138 tvendorum.

326 1208 466 1284 Hieoact
495 1205 552 1284 oon
581 1228 712 1308 raderer
732 1229 846 1286 Hand:
885 1223 967 1289 Item
998 1223 1039 1288 de
1065 1245 1167 1308 coena
1195 1219 1357 1312 servanda
1384 1227 1418 1285 et
1445 1218 1609 1284 latinitate
1634 1220 1662 1282 in

245 1321 353 1388 bursis
375 1342 494 1407 quaere
514 1320 592 1386 folio
615 1323 750 1408 septimo
780 1322 868 1400 (di.
890 1322 1040 1399 Β1.9ὶ)).ί
1074 1338 1075 1342 ’

331 1656 391 1722 ΧΙ.
420 1663 493 1720 Nun
503 1663 610 1738 soloen
630 1619 916 1735 Zosatstercllesse,
938 1663 1149 1722 dissuadebat
1169 1661 1327 1719 stedendea
1346 1668 1405 1718 vost
1427 1659 1484 1716 der
1503 1658 1601 1716 Haud
1619 1659 1662 1727 des

248 1762 428 1837 [rampertus
449 1780 508 1819 von
529 1763 593 1818 dem
613 1761 712 1836 Hoeff
726 1762 762 1831 dc
786 1759 878 1834 Gocb,
899 1764 1075 1826 der1476⁸
1095 1751 1201 1819 Decea
1223 1757 1306 1818 war:
1336 1780 1337 1794 ¹

111 1921 112 1924 ’
206 1930 278 1989 101.
301 1919 362 2010 [Bl.
382 1918 454 2008 20⁸]
488 1936 674 2003 suasurus
695 1939 819 1988 uovun
836 1941 883 1987 nn
904 1940 1034 1989 amona
1056 1942 1093 1989 nr
1113 1920 1324 1990 sxsurnrsu's
1345 1934 1603 2002 rascrrcauno,
1622 1936 1662 1984 rr

720 2042 723 2050 ·
757 2039 920 2101 sarranis
941 2039 1153 2090 nruovsuuu.

329 2154 424 2236 Anno
446 2154 567 2221 dolnini
586 2153 764 2221 millesimo·
777 2155 1093 2243 quadringentesimo
1115 2157 1351 2243 septuagesimo
1373 2146 1468 2219 sexto
1489 2152 1545 2218 die
1556 2149 1662 2216 Martis

247 2255 403 2320 vicesima
423 2276 510 2318 nona
529 2255 648 2318 mensis
671 2252 823 2320 Octobris
836 2252 942 2341 (1476
963 2261 991 2319 d.
1013 2259 1062 2321 29.
1087 2255 1238 2341 October),
1268 2252 1351 2343 quae
1379 2254 1442 2318 fnit
1469 2247 1575 2333 altera
1601 2249 1663 2314 dies

245 2364 319 2442 post
336 2354 454 2419 festum
478 2351 628 2439 Symonis
654 2362 686 2430 et
705 2352 807 2418 Iudae
837 2352 1071 2441 apostolorum,
1098 2355 1185 2419 facta
1211 2354 1308 2441 plena
1336 2353 1577 2431 convocacione
1602 2356 1662 2415 ntu-

207 2456 422 2541 rugianorum
445 2450 486 2517 de
507 2450 642 2517 consilio
668 2451 831 2518 facultatis
857 2455 980 2544 arcium
1009 2454 1069 2519 sub
1098 2473 1204 2540 poena
1238 2440 1392 2541 periurii,
1423 2458 1584 2516 statutum
1597 2449 1662 2514 fuit

243 2561 275 2619 et
294 2562 344 2618 est
364 2575 423 2639 per
443 2559 546 2617 totam
567 2549 756 2616 facultatem
767 2552 984 2640 concorditer:
1009 2553 1181 2636 Quoniam,
1203 2552 1338 2618 docente
1359 2552 1581 2638 experiencia,
1600 2551 1661 2615 fra·

246 2675 347 2741 quens
360 2663 392 2719 et
402 2651 522 2717 nimia²
538 2650 694 2716 effrenata
712 2653 746 2717 in
763 2651 888 2718 artibus
909 2663 1131 2740 promotorum
1152 2652 1309 2718 admissio
1323 2651 1488 2719 hactenus
1510 2649 1661 2718 maculam

246 2763 277 2819 et
290 2754 578 2839 ignominiamn'on
590 2751 753 2817 modicam
773 2754 980 2818 universitati
1002 2763 1034 2818 et
1051 2753 1201 2818 facultati>
1220 2754 1343 2817 arcium
1364 2753 1567 2837 irrogarunt,
1586 2749 1661 2838 quod

247 2876 307 2940 per
328 2850 468 2939 amplius
488 2851 611 2935 absque
627 2852 869 2917 intermissione
891 2854 925 2917 in
946 2852 1210 2940 temptaminibus
1232 2861 1265 2917 et
1284 2849 1502 2934 examinibus,
1523 2861 1592 2917 tam
1610 2870 1660 2937 pro

205 2952 354 3039 20gradu
375 2952 555 3039 magisterii
574 2974 672 3039 quam
691 2974 751 3039 pro
771 2951 876 3037 gradu
896 2951 1145 3034 baccalariatus,
1165 2953 1255 3037 rigor
1276 2973 1336 3038 per
1356 2946 1661 3035 vicecancellarium,

244 3052 402 3117 decanum
432 3062 463 3118 et
489 3053 728 3116 examinatores
757 3060 905 3115 teneatur
927 3066 958 3117 et
979 3054 1193 3140 practicetur,
1214 3050 1363 3139 quodque
1383 3049 1425 3114 de
1446 3049 1512 3115 hoc
1537 3053 1661 3139 antiqua

245 3161 364 3217 statuta
391 3162 487 3237 atque
509 3148 661 3237 conclusa
689 3152 879 3215 execucioni
907 3150 1142 3218 demandentur
1168 3149 1464 3238 inviolabiliterque
1492 3158 1661 3232 serventur,

247 3276 318 3317 cum
340 3275 379 3317 ea
398 3261 508 3317 tamen
530 3251 749 3336 restriecione,
772 3249 873 3341 quod,
896 3253 1177 3338 quocienscunque
1197 3252 1231 3314 in
1252 3251 1396 3315 futurum
1418 3253 1660 3331 examinatores,

247 3361 315 3417 tam
336 3374 396 3438 pro
419 3351 607 3436 magisterio
629 3372 726 3437 quam
746 3372 805 3436 pro
827 3346 1069 3434 baccalariatu,
1083 3350 1160 3436 eligi
1176 3351 1362 3439 contigerit,
1382 3347 1660 3431 vicecancellarius

203 3461 237 3517 2⁵
247 3461 307 3539 pro
326 3461 471 3537 tempore
492 3448 681 3536 deputatus,
705 3450 733 3513 si
753 3449 909 3534 magister
930 3450 1023 3515 etde
1045 3440 1212 3516 facultate
1228 3451 1351 3514 arcium
1381 3457 1517 3514 nostrae
1545 3451 1660 3517 univer·

248 3552 353 3617 sitatis
374 3560 423 3614 est
444 3559 476 3614 et
497 3552 685 3614 examinare
704 3547 857 3630 voluerit,
879 3571 919 3613 ac
947 3553 1186 3615 examinatores
1213 3548 1350 3636 singuli,
1380 3570 1440 3635 per
1471 3559 1591 3615 sortem
1614 3557 1660 3614 aut

248 3649 330 3714 alias
351 3651 445 3714 iuxta
465 3648 627 3714 facultatis
649 3649 772 3713 arcium
794 3647 1058 3714 consuetudinem
1081 3648 1144 3713 sibi
1169 3647 1392 3743 condeputati,
1415 3670 1482 3735 quo
1505 3648 1550 3714 ad
1570 3660 1659 3736 temp·

247 3760 356 3814 tamen
384 3758 416 3813 et
444 3769 580 3836 examen
607 3746 919 3833 magistrandorum,
948 3759 980 3813 et
1009 3749 1150 3813 decanus
1176 3770 1236 3835 pro
1263 3758 1409 3834 tempore
1431 3749 1578 3814 existens
1598 3771 1658 3814 cum

245 3848 382 3935 singulis
395 3846 681 3930 examinatoribus,
704 3846 800 3912 modo
822 3847 1003 3933 praemisso
1024 3846 1088 3912 sibi
1109 3870 1169 3935 pro
1189 3857 1335 3933 tempore
1356 3843 1594 3934 condeputs'tis,
1607 3869 1658 3936 quo
1708 3864 1710 3877 ·

204 3949 290 4014 30-ad
319 3970 456 4015 examen
491 3936 835 4029 baccalariandorum,
864 3949 911 4010 ita
935 3946 1021 4034 quod
1052 3949 1180 4035 ipsi‘et
1206 3944 1341 4033 quilibet
1368 3968 1483 4012 eorum
1516 3969 1656 4027 seorsum,

247 4046 533 4113 vicecancellarius
561 4055 594 4110 et
622 4047 862 4110 examinatores
891 4045 1009 4132 singuli
1036 4069 1096 4134 pro
1123 4047 1267 4131 utrisque
1295 4043 1455 4130 gradibus
1487 4047 1608 4114 decano
1632 4054 1657 4109 st

248 4147 389 4212 decanus
420 4147 540 4211 seniori
562 4144 602 4209 de
625 4143 758 4209 consilio
785 4144 946 4227 facultatis
974 4147 1097 4210 arcium
1125 4148 1159 4209 in
1186 4147 1377 4231 praesencia
1401 4149 1545 4212 omnium
1570 4144 1655 4231 magi·

249 4255 387 4311 atrorum
408 4246 448 4311 de
471 4244 605 4310 oonsilio
626 4244 788 4309 facultatis
811 4247 934 4309 arcium
954 4256 1031 4309 tunc
1051 4246 1301 4331 praesenciam,
1332 4247 1430 4310 tactis
1458 4245 1655 4336 corporaliter

250 4342 466 4411 sacrosanctis
489 4345 669 4431 scripturis,
691 4343 751 4408 sub
773 4344 835 4409 hae
855 4345 961 4414 forma
981 4345 1105 4409 iurent:

207 4456 240 4512 ³5
333 4445 425 4532 „Ego
447 4445 494 4511 .N.
515 4446 602 4526 iuro,
625 4443 710 4530 quod
732 4445 863 4509 inantea
884 4443 924 4509 de
944 4442 1103 4509 faciendis
1126 4466 1184 4530 per
1205 4466 1257 4508 me
1278 4465 1342 4533 quo
1368 4443 1412 4509 ad
1440 4444 1653 4512 admissionem

248 4545 302 4612 vel
322 4547 536 4611 reieccionem
565 4546 769 4632 temptamini
796 4543 848 4609 vel
869 4545 1012 4609 examini
1034 4566 1120 4608 nunc
1141 4567 1175 4609 se
1201 4543 1480 4634 submittencium,
1502 4569 1594 4635 quem
1612 4539 1652 4606 vsl

246 4671 326 4734 quos
358 4670 417 4733 ego
448 4644 619 4710 admittere
641 4643 694 4708 vel
722 4645 844 4709 reicere
865 4643 981 4727 velim,
1013 4644 1124 4734 quales
1156 4645 1260 4716 eciam
1288 4646 1353 4732 ipsi
1383 4646 1484 4711 michi
1509 4645 1563 4712 vel
1587 4642 1651 4709 meis

326 4885 336 4934 l
356 4880 469 4935 Sodann
493 4878 530 4932 ist
555 4875 607 4933 auf
627 4879 682 4932 dan
705 4878 806 4932 Zusatz
831 4877 875 4933 Bl.
895 4881 947 4934 221ι
973 4876 1005 4949 (s.
1022 4877 1061 4948 u.)
1084 4875 1266 4947 hingeviesen
1292 4877 1344 4932 mit
1365 4878 1420 4933 den
1438 4878 1567 4935 Wortsn:
1594 4872 1650 4930 Post

246 4967 301 5018 dato
310 4964 393 5035 solia
412 4964 586 5017 invaseras
602 4970 713 5033 statuta,
735 4978 805 5033 quus
821 4965 908 5018 mom
924 4969 988 5017 suot
1008 4960 1180 5032 publicanda
1198 4967 1225 5017 st
1239 4960 1354 5032 leym
1370 4963 1401 5016 s'a
1421 4963 1541 5019 laedens
1555 4964 1647 5017 mla

246 5067 307 5104 mm
318 5067 372 5119 par
387 5051 525 5103 warum.

325 5138 340 5189 2
358 5132 439 5187 Etvva
454 5132 555 5189 aima!
