<?xml version="1.0" encoding="UTF-8"?>
<!DOCTYPE html PUBLIC "-//W3C//DTD XHTML 1.0 Transitional//EN"
    "http://www.w3.org/TR/xhtml1/DTD/xhtml1-transitional.dtd">
<html xmlns="http://www.w3.org/1999/xhtml" xml:lang="en" lang="en">
 <head>
  <title>
</title>
<meta http-equiv="Content-Type" content="text/html;charset=utf-8" />
  <meta name='ocr-system' content='tesseract 3.04.00' />
  <meta name='ocr-capabilities' content='ocr_page ocr_carea ocr_par ocr_line ocrx_word'/>
</head>
<body>
  <div class='ocr_page' id='page_1' title='image "./diestatutenbche00univgoog_0527.png"; bbox 0 0 3756 6158; ppageno 0'>
   <div class='ocr_carea' id='block_1_1' title="bbox 247 480 1176 552">
    <p class='ocr_par' dir='ltr' id='par_1_1' title="bbox 247 480 1176 552">
     <span class='ocr_line' id='line_1_1' title="bbox 247 480 1176 552; baseline -0.013 -4"><span class='ocrx_word' id='word_1_1' title='bbox 247 480 307 548; x_wconf 79' lang='lat'><strong>508</strong></span> <span class='ocrx_word' id='word_1_2' title='bbox 738 485 788 537; x_wconf 76' lang='lat' dir='ltr'><strong>nu</strong></span> <span class='ocrx_word' id='word_1_3' title='bbox 812 487 1031 552; x_wconf 69' lang='lat' dir='ltr'><strong>philosophialis</strong></span> <span class='ocrx_word' id='word_1_4' title='bbox 1048 487 1176 538; x_wconf 64' lang='lat' dir='ltr'><strong>susurru.</strong></span> 
     </span>
    </p>
   </div>
   <div class='ocr_carea' id='block_1_2' title="bbox 249 665 1670 859">
    <p class='ocr_par' dir='ltr' id='par_1_2' title="bbox 249 665 1670 859">
     <span class='ocr_line' id='line_1_2' title="bbox 249 665 1670 759; baseline 0.006 -30"><span class='ocrx_word' id='word_1_5' title='bbox 249 686 321 730; x_wconf 92' lang='lat' dir='ltr'><strong>esse</strong></span> <span class='ocrx_word' id='word_1_6' title='bbox 342 665 512 731; x_wconf 79' lang='lat' dir='ltr'><strong>asstrictus</strong></span> <span class='ocrx_word' id='word_1_7' title='bbox 535 667 664 732; x_wconf 89' lang='lat' dir='ltr'><strong>eosdem</strong></span> <span class='ocrx_word' id='word_1_8' title='bbox 687 668 729 733; x_wconf 91' lang='lat' dir='ltr'><strong>ad</strong></span> <span class='ocrx_word' id='word_1_9' title='bbox 751 669 997 755; x_wconf 86' lang='lat' dir='ltr'><strong>ingrediendum</strong></span> <span class='ocrx_word' id='word_1_10' title='bbox 1020 669 1203 735; x_wconf 91' lang='lat' dir='ltr'><strong>huiusmodi</strong></span> <span class='ocrx_word' id='word_1_11' title='bbox 1226 667 1464 759; x_wconf 76' lang='lat' dir='ltr'><strong>disputationes</strong></span> <span class='ocrx_word' id='word_1_12' title='bbox 1486 670 1670 737; x_wconf 87' lang='lat' dir='ltr'><strong>ordinarias</strong></span> 
     </span>
     <span class='ocr_line' id='line_1_3' title="bbox 249 763 1669 859; baseline 0.006 -31"><span class='ocrx_word' id='word_1_13' title='bbox 249 763 309 829; x_wconf 94' lang='lat' dir='ltr'><strong>sub</strong></span> <span class='ocrx_word' id='word_1_14' title='bbox 339 767 435 832; x_wconf 89' lang='lat' dir='ltr'><strong>certis</strong></span> <span class='ocrx_word' id='word_1_15' title='bbox 466 767 659 854; x_wconf 84' lang='lat' dir='ltr'><strong>poenalibus</strong></span> <span class='ocrx_word' id='word_1_16' title='bbox 688 771 816 833; x_wconf 88' lang='lat' dir='ltr'><strong>statutis</strong></span> <span class='ocrx_word' id='word_1_17' title='bbox 839 769 1045 856; x_wconf 81' lang='lat' dir='ltr'><strong>compellere,</strong></span> <span class='ocrx_word' id='word_1_18' title='bbox 1067 779 1100 834; x_wconf 92' lang='lat' dir='ltr'><strong>et</strong></span> <span class='ocrx_word' id='word_1_19' title='bbox 1119 769 1205 857; x_wconf 91' lang='lat' dir='ltr'><strong>quod</strong></span> <span class='ocrx_word' id='word_1_20' title='bbox 1227 770 1261 834; x_wconf 94' lang='lat' dir='ltr'><strong>in</strong></span> <span class='ocrx_word' id='word_1_21' title='bbox 1282 770 1340 836; x_wconf 87' lang='lat' dir='ltr'><strong>tali</strong></span> <span class='ocrx_word' id='word_1_22' title='bbox 1361 770 1583 859; x_wconf 86' lang='lat' dir='ltr'><strong>disputatione</strong></span> <span class='ocrx_word' id='word_1_23' title='bbox 1602 781 1669 837; x_wconf 90' lang='lat' dir='ltr'><strong>tam</strong></span> 
     </span>
    </p>
   </div>
   <div class='ocr_carea' id='block_1_3' title="bbox 205 863 1670 2127">
    <p class='ocr_par' dir='ltr' id='par_1_3' title="bbox 205 863 1670 2127">
     <span class='ocr_line' id='line_1_4' title="bbox 248 863 1669 957; baseline 0.005 -29"><span class='ocrx_word' id='word_1_24' title='bbox 248 863 304 928; x_wconf 92' lang='lat' dir='ltr'><strong>diu</strong></span> <span class='ocrx_word' id='word_1_25' title='bbox 326 875 553 952; x_wconf 87' lang='lat' dir='ltr'><strong>permaneant,</strong></span> <span class='ocrx_word' id='word_1_26' title='bbox 581 867 682 933; x_wconf 90' lang='lat' dir='ltr'><strong>donec</strong></span> <span class='ocrx_word' id='word_1_27' title='bbox 708 870 849 956; x_wconf 91' lang='lat' dir='ltr'><strong>quinque</strong></span> <span class='ocrx_word' id='word_1_28' title='bbox 870 868 1033 935; x_wconf 81' lang='lat' dir='ltr'><strong>audierint</strong></span> <span class='ocrx_word' id='word_1_29' title='bbox 1060 871 1234 957; x_wconf 82' lang='lat' dir='ltr'><strong>magistros</strong></span> <span class='ocrx_word' id='word_1_30' title='bbox 1263 879 1457 957; x_wconf 82' lang='lat' dir='ltr'><strong>arguentes,</strong></span> <span class='ocrx_word' id='word_1_31' title='bbox 1491 872 1520 935; x_wconf 92' lang='lat' dir='ltr'><strong>si</strong></span> <span class='ocrx_word' id='word_1_32' title='bbox 1557 871 1669 936; x_wconf 88' lang='lat' dir='ltr'><strong>saltem</strong></span> 
     </span>
     <span class='ocr_line' id='line_1_5' title="bbox 245 965 1670 1057; baseline 0.005 -29"><span class='ocrx_word' id='word_1_33' title='bbox 245 973 293 1029; x_wconf 93' lang='lat' dir='ltr'><strong>tot</strong></span> <span class='ocrx_word' id='word_1_34' title='bbox 313 965 432 1029; x_wconf 84' lang='lat' dir='ltr'><strong>fuerint</strong></span> <span class='ocrx_word' id='word_1_35' title='bbox 452 977 650 1052; x_wconf 81' lang='lat' dir='ltr'><strong>praesentes.</strong></span> <span class='ocrx_word' id='word_1_36' title='bbox 694 969 816 1034; x_wconf 83' lang='lat' dir='ltr'><strong>Contra</strong></span> <span class='ocrx_word' id='word_1_37' title='bbox 837 991 915 1034; x_wconf 84' lang='lat' dir='ltr'><strong>vero</strong></span> <span class='ocrx_word' id='word_1_38' title='bbox 935 968 1050 1034; x_wconf 88' lang='lat' dir='ltr'><strong>frivole</strong></span> <span class='ocrx_word' id='word_1_39' title='bbox 1077 970 1215 1052; x_wconf 89' lang='lat' dir='ltr'><strong>faciens,</strong></span> <span class='ocrx_word' id='word_1_40' title='bbox 1237 968 1322 1035; x_wconf 90' lang='lat' dir='ltr'><strong>ultra</strong></span> <span class='ocrx_word' id='word_1_41' title='bbox 1344 992 1484 1057; x_wconf 91' lang='lat' dir='ltr'><strong>poenam</strong></span> <span class='ocrx_word' id='word_1_42' title='bbox 1507 972 1670 1036; x_wconf 84' lang='lat' dir='ltr'><strong>carentiae</strong></span> 
     </span>
     <span class='ocr_line' id='line_1_6' title="bbox 205 1066 1669 1153; baseline 0.005 -25"><span class='ocrx_word' id='word_1_43' title='bbox 205 1071 222 1128; x_wconf 87' lang='lat'><strong>5</strong></span> <span class='ocrx_word' id='word_1_44' title='bbox 250 1066 489 1150; x_wconf 85' lang='lat' dir='ltr'><strong>acturegentiae</strong></span> <span class='ocrx_word' id='word_1_45' title='bbox 517 1089 576 1153; x_wconf 92' lang='lat' dir='ltr'><strong>per</strong></span> <span class='ocrx_word' id='word_1_46' title='bbox 597 1077 696 1132; x_wconf 89' lang='lat' dir='ltr'><strong>totam</strong></span> <span class='ocrx_word' id='word_1_47' title='bbox 723 1067 812 1132; x_wconf 91' lang='lat' dir='ltr'><strong>illam</strong></span> <span class='ocrx_word' id='word_1_48' title='bbox 840 1071 1066 1151; x_wconf 85' lang='lat' dir='ltr'><strong>mutationem,</strong></span> <span class='ocrx_word' id='word_1_49' title='bbox 1089 1092 1109 1134; x_wconf 89' lang='lat' dir='ltr'><strong>a</strong></span> <span class='ocrx_word' id='word_1_50' title='bbox 1132 1068 1254 1136; x_wconf 88' lang='lat' dir='ltr'><strong>decano</strong></span> <span class='ocrx_word' id='word_1_51' title='bbox 1281 1091 1354 1133; x_wconf 92' lang='lat' dir='ltr'><strong>cum</strong></span> <span class='ocrx_word' id='word_1_52' title='bbox 1376 1070 1443 1133; x_wconf 89' lang='lat' dir='ltr'><strong>suis</strong></span> <span class='ocrx_word' id='word_1_53' title='bbox 1464 1069 1573 1135; x_wconf 91' lang='lat' dir='ltr'><strong>tribus</strong></span> <span class='ocrx_word' id='word_1_54' title='bbox 1597 1093 1669 1136; x_wconf 90' lang='lat' dir='ltr'><strong>con·</strong></span> 
     </span>
     <span class='ocr_line' id='line_1_7' title="bbox 250 1163 1669 1255; baseline 0.005 -28"><span class='ocrx_word' id='word_1_55' title='bbox 250 1163 412 1250; x_wconf 92' lang='lat' dir='ltr'><strong>deputatis</strong></span> <span class='ocrx_word' id='word_1_56' title='bbox 446 1165 672 1231; x_wconf 85' lang='lat' dir='ltr'><strong>executoribus</strong></span> <span class='ocrx_word' id='word_1_57' title='bbox 700 1177 746 1248; x_wconf 89' lang='lat' dir='ltr'><strong>et,</strong></span> <span class='ocrx_word' id='word_1_58' title='bbox 778 1169 805 1232; x_wconf 90' lang='lat' dir='ltr'><strong>si</strong></span> <span class='ocrx_word' id='word_1_59' title='bbox 842 1191 923 1255; x_wconf 92' lang='lat' dir='ltr'><strong>opus</strong></span> <span class='ocrx_word' id='word_1_60' title='bbox 955 1169 1067 1250; x_wconf 85' lang='lat' dir='ltr'><strong>fuerit,</strong></span> <span class='ocrx_word' id='word_1_61' title='bbox 1099 1168 1252 1234; x_wconf 84' lang='lat' dir='ltr'><strong>facultate</strong></span> <span class='ocrx_word' id='word_1_62' title='bbox 1278 1178 1347 1234; x_wconf 88' lang='lat' dir='ltr'><strong>tota</strong></span> <span class='ocrx_word' id='word_1_63' title='bbox 1372 1168 1505 1234; x_wconf 85' lang='lat' dir='ltr'><strong>realiter</strong></span> <span class='ocrx_word' id='word_1_64' title='bbox 1537 1181 1568 1234; x_wconf 91' lang='lat' dir='ltr'><strong>et</strong></span> <span class='ocrx_word' id='word_1_65' title='bbox 1600 1192 1669 1234; x_wconf 89' lang='lat' dir='ltr'><strong>eum</strong></span> 
     </span>
     <span class='ocr_line' id='line_1_8' title="bbox 246 1263 1669 1355; baseline 0.005 -29"><span class='ocrx_word' id='word_1_66' title='bbox 246 1263 362 1327; x_wconf 83' lang='lat' dir='ltr'><strong>effectu</strong></span> <span class='ocrx_word' id='word_1_67' title='bbox 380 1287 486 1350; x_wconf 90' lang='lat' dir='ltr'><strong>poena</strong></span> <span class='ocrx_word' id='word_1_68' title='bbox 507 1268 728 1352; x_wconf 85' lang='lat' dir='ltr'><strong>suspensionis</strong></span> <span class='ocrx_word' id='word_1_69' title='bbox 748 1266 790 1330; x_wconf 88' lang='lat' dir='ltr'><strong>ab</strong></span> <span class='ocrx_word' id='word_1_70' title='bbox 812 1266 960 1332; x_wconf 92' lang='lat' dir='ltr'><strong>omnibus</strong></span> <span class='ocrx_word' id='word_1_71' title='bbox 982 1269 1195 1334; x_wconf 89' lang='lat' dir='ltr'><strong>emolimentis</strong></span> <span class='ocrx_word' id='word_1_72' title='bbox 1223 1290 1281 1355; x_wconf 90' lang='lat' dir='ltr'><strong>per</strong></span> <span class='ocrx_word' id='word_1_73' title='bbox 1303 1268 1447 1333; x_wconf 89' lang='lat' dir='ltr'><strong>medium</strong></span> <span class='ocrx_word' id='word_1_74' title='bbox 1469 1291 1592 1333; x_wconf 87' lang='lat' dir='ltr'><strong>annum</strong></span> <span class='ocrx_word' id='word_1_75' title='bbox 1614 1291 1669 1355; x_wconf 90' lang='lat' dir='ltr'><strong>pu·</strong></span> 
     </span>
     <span class='ocr_line' id='line_1_9' title="bbox 248 1361 1669 1453; baseline 0.005 -27"><span class='ocrx_word' id='word_1_76' title='bbox 248 1361 385 1428; x_wconf 90' lang='lat' dir='ltr'><strong>niendus</strong></span> <span class='ocrx_word' id='word_1_77' title='bbox 404 1365 502 1429; x_wconf 86' lang='lat' dir='ltr'><strong>venit.</strong></span> <span class='ocrx_word' id='word_1_78' title='bbox 544 1365 674 1430; x_wconf 86' lang='lat' dir='ltr'><strong>Debent</strong></span> <span class='ocrx_word' id='word_1_79' title='bbox 694 1367 791 1431; x_wconf 90' lang='lat' dir='ltr'><strong>etiam</strong></span> <span class='ocrx_word' id='word_1_80' title='bbox 814 1378 1025 1433; x_wconf 87' lang='lat' dir='ltr'><strong>conventores</strong></span> <span class='ocrx_word' id='word_1_81' title='bbox 1047 1367 1218 1433; x_wconf 87' lang='lat' dir='ltr'><strong>bursarum</strong></span> <span class='ocrx_word' id='word_1_82' title='bbox 1240 1367 1411 1453; x_wconf 85' lang='lat' dir='ltr'><strong>diligenter</strong></span> <span class='ocrx_word' id='word_1_83' title='bbox 1432 1368 1612 1450; x_wconf 84' lang='lat' dir='ltr'><strong>attendere,</strong></span> <span class='ocrx_word' id='word_1_84' title='bbox 1631 1391 1669 1432; x_wconf 92' lang='lat' dir='ltr'><strong>ne</strong></span> 
     </span>
     <span class='ocr_line' id='line_1_10' title="bbox 247 1464 1669 1555; baseline 0.004 -29"><span class='ocrx_word' id='word_1_85' title='bbox 247 1465 429 1548; x_wconf 90' lang='lat' dir='ltr'><strong>praemissa</strong></span> <span class='ocrx_word' id='word_1_86' title='bbox 448 1465 482 1528; x_wconf 92' lang='lat' dir='ltr'><strong>in</strong></span> <span class='ocrx_word' id='word_1_87' title='bbox 505 1466 571 1528; x_wconf 88' lang='lat' dir='ltr'><strong>suis</strong></span> <span class='ocrx_word' id='word_1_88' title='bbox 595 1464 703 1530; x_wconf 92' lang='lat' dir='ltr'><strong>bursis</strong></span> <span class='ocrx_word' id='word_1_89' title='bbox 724 1466 822 1548; x_wconf 87' lang='lat' dir='ltr'><strong>fiant,</strong></span> <span class='ocrx_word' id='word_1_90' title='bbox 851 1476 898 1547; x_wconf 88' lang='lat' dir='ltr'><strong>et,</strong></span> <span class='ocrx_word' id='word_1_91' title='bbox 922 1476 1077 1554; x_wconf 89' lang='lat' dir='ltr'><strong>quantum</strong></span> <span class='ocrx_word' id='word_1_92' title='bbox 1097 1469 1132 1534; x_wconf 91' lang='lat' dir='ltr'><strong>in</strong></span> <span class='ocrx_word' id='word_1_93' title='bbox 1152 1468 1199 1531; x_wconf 91' lang='lat' dir='ltr'><strong>eis</strong></span> <span class='ocrx_word' id='word_1_94' title='bbox 1223 1476 1285 1549; x_wconf 89' lang='lat' dir='ltr'><strong>est,</strong></span> <span class='ocrx_word' id='word_1_95' title='bbox 1307 1468 1355 1531; x_wconf 88' lang='lat' dir='ltr'><strong>sic</strong></span> <span class='ocrx_word' id='word_1_96' title='bbox 1376 1468 1574 1533; x_wconf 88' lang='lat' dir='ltr'><strong>excedentes</strong></span> <span class='ocrx_word' id='word_1_97' title='bbox 1597 1490 1669 1555; x_wconf 93' lang='lat' dir='ltr'><strong>pro·</strong></span> 
     </span>
     <span class='ocr_line' id='line_1_11' title="bbox 208 1561 1669 1654; baseline 0.004 -29"><span class='ocrx_word' id='word_1_98' title='bbox 208 1561 378 1645; x_wconf 80' lang='lat' dir='ltr'><strong>lohibere3</strong></span> <span class='ocrx_word' id='word_1_99' title='bbox 409 1564 437 1627; x_wconf 93' lang='lat' dir='ltr'><strong>si</strong></span> <span class='ocrx_word' id='word_1_100' title='bbox 468 1574 576 1628; x_wconf 90' lang='lat' dir='ltr'><strong>autem</strong></span> <span class='ocrx_word' id='word_1_101' title='bbox 604 1587 714 1629; x_wconf 91' lang='lat' dir='ltr'><strong>eorum</strong></span> <span class='ocrx_word' id='word_1_102' title='bbox 747 1565 958 1652; x_wconf 91' lang='lat' dir='ltr'><strong>prohibitioni</strong></span> <span class='ocrx_word' id='word_1_103' title='bbox 986 1568 1193 1654; x_wconf 88' lang='lat' dir='ltr'><strong>acquiescere</strong></span> <span class='ocrx_word' id='word_1_104' title='bbox 1220 1566 1382 1631; x_wconf 91' lang='lat' dir='ltr'><strong>noluerint</strong></span> <span class='ocrx_word' id='word_1_105' title='bbox 1409 1579 1443 1632; x_wconf 89' lang='lat' dir='ltr'><strong>et</strong></span> <span class='ocrx_word' id='word_1_106' title='bbox 1470 1566 1669 1632; x_wconf 84' lang='lat' dir='ltr'><strong>denunctisti</strong></span> 
     </span>
     <span class='ocr_line' id='line_1_12' title="bbox 250 1662 1669 1750; baseline 0.003 -24"><span class='ocrx_word' id='word_1_107' title='bbox 250 1662 378 1744; x_wconf 83' lang='lat' dir='ltr'><strong>fuerint,</strong></span> <span class='ocrx_word' id='word_1_108' title='bbox 401 1684 538 1748; x_wconf 89' lang='lat' dir='ltr'><strong>poenam</strong></span> <span class='ocrx_word' id='word_1_109' title='bbox 561 1665 780 1750; x_wconf 88' lang='lat' dir='ltr'><strong>supradictam</strong></span> <span class='ocrx_word' id='word_1_110' title='bbox 803 1667 986 1731; x_wconf 89' lang='lat' dir='ltr'><strong>executioni</strong></span> <span class='ocrx_word' id='word_1_111' title='bbox 1007 1666 1148 1732; x_wconf 88' lang='lat' dir='ltr'><strong>decanus</strong></span> <span class='ocrx_word' id='word_1_112' title='bbox 1174 1664 1312 1730; x_wconf 89' lang='lat' dir='ltr'><strong>fideliter</strong></span> <span class='ocrx_word' id='word_1_113' title='bbox 1332 1665 1517 1733; x_wconf 79' lang='lat' dir='ltr'><strong>demandet</strong></span> <span class='ocrx_word' id='word_1_114' title='bbox 1559 1666 1605 1730; x_wconf 85' lang='lat' dir='ltr'><strong>Et</strong></span> <span class='ocrx_word' id='word_1_115' title='bbox 1631 1689 1669 1731; x_wconf 93' lang='lat' dir='ltr'><strong>ne</strong></span> 
     </span>
     <span class='ocr_line' id='line_1_13' title="bbox 247 1762 1669 1853; baseline 0.004 -29"><span class='ocrx_word' id='word_1_116' title='bbox 247 1762 320 1846; x_wconf 92' lang='lat' dir='ltr'><strong>quis</strong></span> <span class='ocrx_word' id='word_1_117' title='bbox 338 1763 564 1847; x_wconf 89' lang='lat' dir='ltr'><strong>magistrorum</strong></span> <span class='ocrx_word' id='word_1_118' title='bbox 583 1774 755 1849; x_wconf 85' lang='lat' dir='ltr'><strong>praetextu</strong></span> <span class='ocrx_word' id='word_1_119' title='bbox 772 1765 976 1849; x_wconf 87' lang='lat' dir='ltr'><strong>ignorantiae</strong></span> <span class='ocrx_word' id='word_1_120' title='bbox 995 1789 1029 1830; x_wconf 91' lang='lat' dir='ltr'><strong>se</strong></span> <span class='ocrx_word' id='word_1_121' title='bbox 1051 1763 1262 1853; x_wconf 83' lang='lat' dir='ltr'><strong>quovismodo</strong></span> <span class='ocrx_word' id='word_1_122' title='bbox 1284 1788 1442 1832; x_wconf 86' lang='lat' dir='ltr'><strong>excusare</strong></span> <span class='ocrx_word' id='word_1_123' title='bbox 1462 1765 1583 1848; x_wconf 85' lang='lat' dir='ltr'><strong>valeat,</strong></span> <span class='ocrx_word' id='word_1_124' title='bbox 1604 1767 1669 1852; x_wconf 89' lang='lat' dir='ltr'><strong>qui-</strong></span> 
     </span>
     <span class='ocr_line' id='line_1_14' title="bbox 247 1858 1668 1952; baseline 0.006 -29"><span class='ocrx_word' id='word_1_125' title='bbox 247 1858 326 1925; x_wconf 89' lang='lat' dir='ltr'><strong>libet</strong></span> <span class='ocrx_word' id='word_1_126' title='bbox 348 1859 488 1927; x_wconf 90' lang='lat' dir='ltr'><strong>decanus</strong></span> <span class='ocrx_word' id='word_1_127' title='bbox 511 1885 570 1949; x_wconf 92' lang='lat' dir='ltr'><strong>pro</strong></span> <span class='ocrx_word' id='word_1_128' title='bbox 591 1873 737 1950; x_wconf 90' lang='lat' dir='ltr'><strong>ternpore</strong></span> <span class='ocrx_word' id='word_1_129' title='bbox 759 1864 902 1929; x_wconf 88' lang='lat' dir='ltr'><strong>existens</strong></span> <span class='ocrx_word' id='word_1_130' title='bbox 929 1866 963 1929; x_wconf 91' lang='lat' dir='ltr'><strong>in</strong></span> <span class='ocrx_word' id='word_1_131' title='bbox 991 1865 1153 1952; x_wconf 91' lang='lat' dir='ltr'><strong>principio</strong></span> <span class='ocrx_word' id='word_1_132' title='bbox 1181 1866 1335 1948; x_wconf 89' lang='lat' dir='ltr'><strong>cuiusque</strong></span> <span class='ocrx_word' id='word_1_133' title='bbox 1364 1866 1572 1948; x_wconf 88' lang='lat' dir='ltr'><strong>mutationis,</strong></span> <span class='ocrx_word' id='word_1_134' title='bbox 1596 1864 1668 1931; x_wconf 92' lang='lat' dir='ltr'><strong>dum</strong></span> 
     </span>
     <span class='ocr_line' id='line_1_15' title="bbox 247 1959 1669 2052; baseline 0.006 -29"><span class='ocrx_word' id='word_1_135' title='bbox 247 1969 338 2024; x_wconf 90' lang='lat' dir='ltr'><strong>actus</strong></span> <span class='ocrx_word' id='word_1_136' title='bbox 364 1959 548 2027; x_wconf 89' lang='lat' dir='ltr'><strong>scholastici</strong></span> <span class='ocrx_word' id='word_1_137' title='bbox 569 1964 777 2050; x_wconf 87' lang='lat' dir='ltr'><strong>incipiuntur,</strong></span> <span class='ocrx_word' id='word_1_138' title='bbox 808 1962 947 2051; x_wconf 87' lang='lat' dir='ltr'><strong>desuper</strong></span> <span class='ocrx_word' id='word_1_139' title='bbox 970 1966 1095 2030; x_wconf 88' lang='lat' dir='ltr'><strong>emittat</strong></span> <span class='ocrx_word' id='word_1_140' title='bbox 1122 1962 1288 2050; x_wconf 91' lang='lat' dir='ltr'><strong>publicum</strong></span> <span class='ocrx_word' id='word_1_141' title='bbox 1317 1963 1570 2050; x_wconf 90' lang='lat' dir='ltr'><strong>prohibitorium</strong></span> <span class='ocrx_word' id='word_1_142' title='bbox 1598 1987 1669 2052; x_wconf 77' lang='lat' dir='ltr'><strong>poe</strong></span> 
     </span>
     <span class='ocr_line' id='line_1_16' title="bbox 207 2058 1294 2127; baseline 0.016 -5"><span class='ocrx_word' id='word_1_143' title='bbox 207 2058 320 2124; x_wconf 75' lang='lat' dir='ltr'><strong>ltnale</strong></span> <span class='ocrx_word' id='word_1_144' title='bbox 342 2060 557 2127; x_wconf 89' lang='lat' dir='ltr'><strong>mandatum.¹</strong></span> <span class='ocrx_word' id='word_1_145' title='bbox 1289 2098 1294 2103; x_wconf 92' lang='lat'>·</span> 
     </span>
    </p>
   </div>
   <div class='ocr_carea' id='block_1_4' title="bbox 289 2239 1632 2513">
    <p class='ocr_par' dir='ltr' id='par_1_4' title="bbox 289 2239 1632 2513">
     <span class='ocr_line' id='line_1_17' title="bbox 289 2239 1632 2330; baseline 0.001 -22"><span class='ocrx_word' id='word_1_146' title='bbox 289 2247 339 2308; x_wconf 80' lang='lat'><strong>26.</strong></span> <span class='ocrx_word' id='word_1_147' title='bbox 369 2239 429 2328; x_wconf 89' lang='lat' dir='ltr'><strong>[Bl.</strong></span> <span class='ocrx_word' id='word_1_148' title='bbox 452 2249 490 2312; x_wconf 85' lang='grc'><strong>43</strong></span> <span class='ocrx_word' id='word_1_149' title='bbox 500 2240 526 2330; x_wconf 79' lang='grc'><strong>.]</strong></span> <span class='ocrx_word' id='word_1_150' title='bbox 563 2262 668 2321; x_wconf 74' lang='lat' dir='ltr'><strong>Quam</strong></span> <span class='ocrx_word' id='word_1_151' title='bbox 689 2263 821 2312; x_wconf 74' lang='lat' dir='ltr'><strong>naemu</strong></span> <span class='ocrx_word' id='word_1_152' title='bbox 843 2264 1024 2314; x_wconf 76' lang='lat' dir='ltr'><strong>sassones</strong></span> <span class='ocrx_word' id='word_1_153' title='bbox 1047 2265 1256 2315; x_wconf 77' lang='lat' dir='ltr'><strong>onnmnsuss</strong></span> <span class='ocrx_word' id='word_1_154' title='bbox 1277 2261 1472 2313; x_wconf 82' lang='lat' dir='ltr'><strong>nacrrouns</strong></span> <span class='ocrx_word' id='word_1_155' title='bbox 1492 2262 1632 2310; x_wconf 81' lang='lat' dir='ltr'><strong>uacans</strong></span> 
     </span>
     <span class='ocr_line' id='line_1_18' title="bbox 403 2359 1512 2414; baseline 0.001 -6"><span class='ocrx_word' id='word_1_156' title='bbox 403 2359 567 2410; x_wconf 79' lang='lat' dir='ltr'><strong>bnassus</strong></span> <span class='ocrx_word' id='word_1_157' title='bbox 588 2363 634 2410; x_wconf 84' lang='lat' dir='ltr'><strong>nr</strong></span> <span class='ocrx_word' id='word_1_158' title='bbox 655 2363 896 2412; x_wconf 73' lang='lat' dir='ltr'><strong>nrsrurlurns</strong></span> <span class='ocrx_word' id='word_1_159' title='bbox 919 2365 1110 2414; x_wconf 73' lang='lat' dir='ltr'><strong>censuram</strong></span> <span class='ocrx_word' id='word_1_160' title='bbox 1131 2367 1177 2413; x_wconf 86' lang='lat' dir='ltr'><strong>sr</strong></span> <span class='ocrx_word' id='word_1_161' title='bbox 1199 2363 1512 2413; x_wconf 79' lang='lat' dir='ltr'><strong>uxrnuoanmsnm</strong></span> 
     </span>
     <span class='ocr_line' id='line_1_19' title="bbox 828 2465 1082 2513; baseline 0 0"><span class='ocrx_word' id='word_1_162' title='bbox 828 2465 887 2513; x_wconf 85' lang='lat' dir='ltr'><strong>urr</strong></span> <span class='ocrx_word' id='word_1_163' title='bbox 908 2466 1082 2513; x_wconf 75' lang='lat' dir='ltr'><strong>aurnuns.</strong></span> 
     </span>
    </p>
   </div>
   <div class='ocr_carea' id='block_1_5' title="bbox 205 2592 1666 3280">
    <p class='ocr_par' dir='ltr' id='par_1_5' title="bbox 329 2592 1666 2682">
     <span class='ocr_line' id='line_1_20' title="bbox 329 2592 1666 2682; baseline 0 -24"><span class='ocrx_word' id='word_1_164' title='bbox 329 2592 511 2680; x_wconf 90' lang='lat' dir='ltr'><strong>Disputans</strong></span> <span class='ocrx_word' id='word_1_165' title='bbox 539 2596 709 2682; x_wconf 83' lang='lat' dir='ltr'><strong>magister,</strong></span> <span class='ocrx_word' id='word_1_166' title='bbox 737 2597 901 2662; x_wconf 90' lang='lat' dir='ltr'><strong>ordinarie</strong></span> <span class='ocrx_word' id='word_1_167' title='bbox 929 2599 998 2663; x_wconf 90' lang='lat' dir='ltr'><strong>sive</strong></span> <span class='ocrx_word' id='word_1_168' title='bbox 1026 2597 1301 2679; x_wconf 85' lang='lat' dir='ltr'><strong>extraordinarie,</strong></span> <span class='ocrx_word' id='word_1_169' title='bbox 1333 2594 1448 2661; x_wconf 89' lang='lat' dir='ltr'><strong>habitu</strong></span> <span class='ocrx_word' id='word_1_170' title='bbox 1477 2593 1666 2681; x_wconf 85' lang='lat' dir='ltr'><strong>magistrali,</strong></span> 
     </span>
    </p>

    <p class='ocr_par' dir='ltr' id='par_1_6' title="bbox 205 2690 1665 2784">
     <span class='ocr_line' id='line_1_21' title="bbox 205 2690 1665 2784; baseline 0.002 -29"><span class='ocrx_word' id='word_1_171' title='bbox 205 2690 283 2755; x_wconf 81' lang='lat' dir='ltr'><strong>aoid</strong></span> <span class='ocrx_word' id='word_1_172' title='bbox 303 2702 352 2756; x_wconf 90' lang='lat' dir='ltr'><strong>est</strong></span> <span class='ocrx_word' id='word_1_173' title='bbox 372 2692 509 2759; x_wconf 89' lang='lat' dir='ltr'><strong>tabardo</strong></span> <span class='ocrx_word' id='word_1_174' title='bbox 532 2716 605 2759; x_wconf 91' lang='lat' dir='ltr'><strong>cum</strong></span> <span class='ocrx_word' id='word_1_175' title='bbox 628 2697 727 2761; x_wconf 93' lang='lat' dir='ltr'><strong>mitra</strong></span> <span class='ocrx_word' id='word_1_176' title='bbox 749 2699 818 2761; x_wconf 85' lang='lat' dir='ltr'><strong>sive</strong></span> <span class='ocrx_word' id='word_1_177' title='bbox 840 2696 944 2762; x_wconf 88' lang='lat' dir='ltr'><strong>bireto</strong></span> <span class='ocrx_word' id='word_1_178' title='bbox 966 2699 1001 2762; x_wconf 92' lang='lat' dir='ltr'><strong>in</strong></span> <span class='ocrx_word' id='word_1_179' title='bbox 1023 2699 1144 2784; x_wconf 88' lang='lat' dir='ltr'><strong>capite,</strong></span> <span class='ocrx_word' id='word_1_180' title='bbox 1167 2695 1264 2761; x_wconf 92' lang='lat' dir='ltr'><strong>debet</strong></span> <span class='ocrx_word' id='word_1_181' title='bbox 1284 2718 1355 2761; x_wconf 89' lang='lat' dir='ltr'><strong>esse</strong></span> <span class='ocrx_word' id='word_1_182' title='bbox 1376 2694 1525 2759; x_wconf 88' lang='lat' dir='ltr'><strong>vestitus.</strong></span> <span class='ocrx_word' id='word_1_183' title='bbox 1568 2693 1665 2759; x_wconf 88' lang='lat' dir='ltr'><strong>Tene·</strong></span> 
     </span>
    </p>

    <p class='ocr_par' dir='ltr' id='par_1_7' title="bbox 246 2790 1665 2883">
     <span class='ocr_line' id='line_1_22' title="bbox 246 2790 1665 2883; baseline 0 -27"><span class='ocrx_word' id='word_1_184' title='bbox 246 2790 334 2856; x_wconf 88' lang='lat' dir='ltr'><strong>bitur</strong></span> <span class='ocrx_word' id='word_1_185' title='bbox 355 2794 452 2857; x_wconf 88' lang='lat' dir='ltr'><strong>etiam</strong></span> <span class='ocrx_word' id='word_1_186' title='bbox 482 2793 545 2858; x_wconf 93' lang='lat' dir='ltr'><strong>sibi</strong></span> <span class='ocrx_word' id='word_1_187' title='bbox 572 2793 613 2859; x_wconf 91' lang='lat' dir='ltr'><strong>de</strong></span> <span class='ocrx_word' id='word_1_188' title='bbox 640 2795 930 2882; x_wconf 89' lang='lat' dir='ltr'><strong>respondentibus,</strong></span> <span class='ocrx_word' id='word_1_189' title='bbox 954 2807 1022 2862; x_wconf 88' lang='lat' dir='ltr'><strong>tam</strong></span> <span class='ocrx_word' id='word_1_190' title='bbox 1047 2796 1241 2861; x_wconf 85' lang='lat' dir='ltr'><strong>baccalariis</strong></span> <span class='ocrx_word' id='word_1_191' title='bbox 1269 2818 1367 2883; x_wconf 90' lang='lat' dir='ltr'><strong>quam</strong></span> <span class='ocrx_word' id='word_1_192' title='bbox 1394 2792 1613 2879; x_wconf 87' lang='lat' dir='ltr'><strong>simplicibus,</strong></span> <span class='ocrx_word' id='word_1_193' title='bbox 1633 2804 1665 2856; x_wconf 86' lang='lat' dir='ltr'><strong>ut</strong></span> 
     </span>
    </p>

    <p class='ocr_par' dir='ltr' id='par_1_8' title="bbox 249 2891 1664 2982">
     <span class='ocr_line' id='line_1_23' title="bbox 249 2891 1664 2982; baseline -0.001 -26"><span class='ocrx_word' id='word_1_194' title='bbox 249 2891 422 2978; x_wconf 80' lang='lat' dir='ltr'><strong>sophistis,</strong></span> <span class='ocrx_word' id='word_1_195' title='bbox 443 2894 477 2957; x_wconf 93' lang='lat' dir='ltr'><strong>in</strong></span> <span class='ocrx_word' id='word_1_196' title='bbox 498 2892 646 2958; x_wconf 90' lang='lat' dir='ltr'><strong>omnibus</strong></span> <span class='ocrx_word' id='word_1_197' title='bbox 669 2893 960 2982; x_wconf 87' lang='lat' dir='ltr'><strong>disputationibus,</strong></span> <span class='ocrx_word' id='word_1_198' title='bbox 990 2896 1163 2962; x_wconf 89' lang='lat' dir='ltr'><strong>ordinariis</strong></span> <span class='ocrx_word' id='word_1_199' title='bbox 1193 2903 1225 2960; x_wconf 90' lang='lat' dir='ltr'><strong>et</strong></span> <span class='ocrx_word' id='word_1_200' title='bbox 1253 2892 1541 2975; x_wconf 85' lang='lat' dir='ltr'><strong>extraordinariis,</strong></span> <span class='ocrx_word' id='word_1_201' title='bbox 1564 2895 1664 2980; x_wconf 88' lang='lat' dir='ltr'><strong>provi·</strong></span> 
     </span>
    </p>

    <p class='ocr_par' dir='ltr' id='par_1_9' title="bbox 247 2989 1664 3082">
     <span class='ocr_line' id='line_1_24' title="bbox 247 2989 1664 3082; baseline 0 -27"><span class='ocrx_word' id='word_1_202' title='bbox 247 2989 340 3072; x_wconf 86' lang='lat' dir='ltr'><strong>dere,</strong></span> <span class='ocrx_word' id='word_1_203' title='bbox 368 2990 428 3056; x_wconf 93' lang='lat' dir='ltr'><strong>sub</strong></span> <span class='ocrx_word' id='word_1_204' title='bbox 458 3014 564 3078; x_wconf 91' lang='lat' dir='ltr'><strong>poena</strong></span> <span class='ocrx_word' id='word_1_205' title='bbox 592 3015 657 3057; x_wconf 91' lang='lat' dir='ltr'><strong>non</strong></span> <span class='ocrx_word' id='word_1_206' title='bbox 686 2997 936 3082; x_wconf 89' lang='lat' dir='ltr'><strong>computationis</strong></span> <span class='ocrx_word' id='word_1_207' title='bbox 965 2995 1147 3061; x_wconf 90' lang='lat' dir='ltr'><strong>huiusmodi</strong></span> <span class='ocrx_word' id='word_1_208' title='bbox 1175 2993 1417 3082; x_wconf 87' lang='lat' dir='ltr'><strong>disputationis.</strong></span> <span class='ocrx_word' id='word_1_209' title='bbox 1467 2992 1664 3057; x_wconf 80' lang='lat' dir='ltr'><strong>Exercentes</strong></span> 
     </span>
    </p>

    <p class='ocr_par' dir='ltr' id='par_1_10' title="bbox 205 3091 1663 3280">
     <span class='ocr_line' id='line_1_25' title="bbox 248 3091 1663 3177; baseline 0.001 -23"><span class='ocrx_word' id='word_1_210' title='bbox 248 3113 326 3156; x_wconf 89' lang='lat' dir='ltr'><strong>vero</strong></span> <span class='ocrx_word' id='word_1_211' title='bbox 354 3092 503 3177; x_wconf 82' lang='lat' dir='ltr'><strong>magistri</strong></span> <span class='ocrx_word' id='word_1_212' title='bbox 531 3114 589 3157; x_wconf 89' lang='lat' dir='ltr'><strong>suo</strong></span> <span class='ocrx_word' id='word_1_213' title='bbox 617 3093 730 3159; x_wconf 90' lang='lat' dir='ltr'><strong>habitu</strong></span> <span class='ocrx_word' id='word_1_214' title='bbox 756 3105 908 3160; x_wconf 90' lang='lat' dir='ltr'><strong>consueto</strong></span> <span class='ocrx_word' id='word_1_215' title='bbox 936 3095 1028 3160; x_wconf 88' lang='lat' dir='ltr'><strong>iuxta</strong></span> <span class='ocrx_word' id='word_1_216' title='bbox 1049 3103 1192 3159; x_wconf 90' lang='lat' dir='ltr'><strong>veterem</strong></span> <span class='ocrx_word' id='word_1_217' title='bbox 1220 3091 1484 3160; x_wconf 90' lang='lat' dir='ltr'><strong>consuetudinem</strong></span> <span class='ocrx_word' id='word_1_218' title='bbox 1512 3093 1608 3156; x_wconf 89' lang='lat' dir='ltr'><strong>etiarn</strong></span> <span class='ocrx_word' id='word_1_219' title='bbox 1634 3092 1663 3155; x_wconf 89' lang='lat' dir='ltr'><strong>in</strong></span> 
     </span>
     <span class='ocr_line' id='line_1_26' title="bbox 205 3189 722 3280; baseline 0.01 -27"><span class='ocrx_word' id='word_1_220' title='bbox 205 3189 326 3256; x_wconf 71' lang='lat' dir='ltr'><strong>tslocis</strong></span> <span class='ocrx_word' id='word_1_221' title='bbox 348 3190 486 3277; x_wconf 92' lang='lat' dir='ltr'><strong>publicis</strong></span> <span class='ocrx_word' id='word_1_222' title='bbox 509 3193 556 3256; x_wconf 92' lang='lat' dir='ltr'><strong>uti</strong></span> <span class='ocrx_word' id='word_1_223' title='bbox 578 3205 722 3280; x_wconf 91' lang='lat' dir='ltr'><strong>possunt.</strong></span> 
     </span>
    </p>
   </div>
   <div class='ocr_carea' id='block_1_6' title="bbox 247 3379 1664 3741">
    <p class='ocr_par' dir='ltr' id='par_1_11' title="bbox 247 3379 1664 3741">
     <span class='ocr_line' id='line_1_27' title="bbox 247 3379 1664 3442; baseline -0.003 -2"><span class='ocrx_word' id='word_1_224' title='bbox 247 3379 297 3440; x_wconf 74' lang='lat'><strong>27.</strong></span> <span class='ocrx_word' id='word_1_225' title='bbox 319 3391 480 3440; x_wconf 72' lang='lat' dir='ltr'>DECANUS</span> <span class='ocrx_word' id='word_1_226' title='bbox 496 3392 568 3442; x_wconf 81' lang='lat' dir='ltr'><strong>CUM</strong></span> <span class='ocrx_word' id='word_1_227' title='bbox 590 3394 662 3441; x_wconf 77' lang='lat' dir='ltr'><strong>suls</strong></span> <span class='ocrx_word' id='word_1_228' title='bbox 684 3394 951 3442; x_wconf 81' lang='lat' dir='ltr'>EXECUTORIBUS</span> <span class='ocrx_word' id='word_1_229' title='bbox 972 3393 1090 3441; x_wconf 80' lang='lat' dir='ltr'>DEBET</span> <span class='ocrx_word' id='word_1_230' title='bbox 1111 3393 1249 3440; x_wconf 80' lang='lat' dir='ltr'>HABERE</span> <span class='ocrx_word' id='word_1_231' title='bbox 1271 3391 1436 3440; x_wconf 66' lang='lat' dir='ltr'><strong>mulcemus</strong></span> <span class='ocrx_word' id='word_1_232' title='bbox 1459 3390 1664 3440; x_wconf 68' lang='lat' dir='ltr'>SCBUTINIU!</span> 
     </span>
     <span class='ocr_line' id='line_1_28' title="bbox 336 3491 1582 3556; baseline 0 -18"><span class='ocrx_word' id='word_1_233' title='bbox 336 3492 446 3540; x_wconf 82' lang='lat' dir='ltr'><strong>SUPER</strong></span> <span class='ocrx_word' id='word_1_234' title='bbox 470 3493 675 3541; x_wconf 77' lang='lat' dir='ltr'>DILIGENTIA</span> <span class='ocrx_word' id='word_1_235' title='bbox 696 3494 763 3540; x_wconf 82' lang='lat' dir='ltr'><strong>PER</strong></span> <span class='ocrx_word' id='word_1_236' title='bbox 787 3494 967 3542; x_wconf 81' lang='lat' dir='ltr'>LECTORES</span> <span class='ocrx_word' id='word_1_237' title='bbox 986 3494 1032 3540; x_wconf 83' lang='grc' dir='ltr'><strong>ΕΤ</strong></span> <span class='ocrx_word' id='word_1_238' title='bbox 1055 3493 1283 3540; x_wconf 81' lang='lat' dir='ltr'>EXERCENTES</span> <span class='ocrx_word' id='word_1_239' title='bbox 1304 3492 1444 3556; x_wconf 72' lang='lat' dir='ltr'><strong>slsum,</strong></span> <span class='ocrx_word' id='word_1_240' title='bbox 1466 3491 1512 3537; x_wconf 85' lang='grc' dir='ltr'><strong>ΕΤ</strong></span> <span class='ocrx_word' id='word_1_241' title='bbox 1535 3491 1582 3538; x_wconf 78' lang='grc' dir='ltr'><strong>ΠΕ</strong></span> 
     </span>
     <span class='ocr_line' id='line_1_29' title="bbox 472 3588 1437 3658; baseline -0.003 -19"><span class='ocrx_word' id='word_1_242' title='bbox 472 3588 740 3640; x_wconf 78' lang='lat' dir='ltr'><strong>ACTUREGENTIA</strong></span> <span class='ocrx_word' id='word_1_243' title='bbox 762 3593 1028 3658; x_wconf 76' lang='lat' dir='ltr'><strong>unslsrnonunt,</strong></span> <span class='ocrx_word' id='word_1_244' title='bbox 1054 3592 1099 3639; x_wconf 86' lang='lat' dir='ltr'><strong>NE</strong></span> <span class='ocrx_word' id='word_1_245' title='bbox 1122 3591 1237 3641; x_wconf 81' lang='lat' dir='ltr'>DOLUS</span> <span class='ocrx_word' id='word_1_246' title='bbox 1259 3593 1305 3638; x_wconf 85' lang='lat' dir='ltr'><strong>ET</strong></span> <span class='ocrx_word' id='word_1_247' title='bbox 1327 3590 1437 3637; x_wconf 78' lang='lat' dir='ltr'>FRAUS</span> 
     </span>
     <span class='ocr_line' id='line_1_30' title="bbox 827 3692 1089 3741; baseline 0.004 -1"><span class='ocrx_word' id='word_1_248' title='bbox 827 3692 1089 3741; x_wconf 71' lang='lat' dir='ltr'>COMMI&#39;I&#39;TATUR.</span> 
     </span>
    </p>
   </div>
   <div class='ocr_carea' id='block_1_7' title="bbox 205 3821 1666 4905">
    <p class='ocr_par' dir='ltr' id='par_1_12' title="bbox 207 3821 1666 4310">
     <span class='ocr_line' id='line_1_31' title="bbox 207 3821 1664 3910; baseline -0.003 -21"><span class='ocrx_word' id='word_1_249' title='bbox 207 3833 241 3889; x_wconf 82' lang='lat'><strong>30</strong></span> <span class='ocrx_word' id='word_1_250' title='bbox 335 3822 422 3904; x_wconf 85' lang='lat' dir='ltr'><strong>Quia</strong></span> <span class='ocrx_word' id='word_1_251' title='bbox 441 3846 557 3910; x_wconf 85' lang='lat' dir='ltr'><strong>parurn</strong></span> <span class='ocrx_word' id='word_1_252' title='bbox 588 3835 637 3889; x_wconf 90' lang='lat' dir='ltr'><strong>est</strong></span> <span class='ocrx_word' id='word_1_253' title='bbox 658 3835 779 3890; x_wconf 91' lang='lat' dir='ltr'><strong>statuta</strong></span> <span class='ocrx_word' id='word_1_254' title='bbox 801 3823 955 3906; x_wconf 91' lang='lat' dir='ltr'><strong>condere,</strong></span> <span class='ocrx_word' id='word_1_255' title='bbox 977 3825 1040 3888; x_wconf 91' lang='lat' dir='ltr'><strong>nisi</strong></span> <span class='ocrx_word' id='word_1_256' title='bbox 1061 3825 1158 3889; x_wconf 89' lang='lat' dir='ltr'><strong>etiam</strong></span> <span class='ocrx_word' id='word_1_257' title='bbox 1178 3824 1361 3888; x_wconf 84' lang='lat' dir='ltr'><strong>executioni</strong></span> <span class='ocrx_word' id='word_1_258' title='bbox 1380 3821 1521 3886; x_wconf 87' lang='lat' dir='ltr'><strong>fideliter</strong></span> <span class='ocrx_word' id='word_1_259' title='bbox 1542 3822 1664 3887; x_wconf 92' lang='lat' dir='ltr'><strong>deman-</strong></span> 
     </span>
     <span class='ocr_line' id='line_1_32' title="bbox 246 3922 1664 4010; baseline -0.001 -23"><span class='ocrx_word' id='word_1_260' title='bbox 246 3923 371 4003; x_wconf 91' lang='lat' dir='ltr'><strong>dentur,</strong></span> <span class='ocrx_word' id='word_1_261' title='bbox 394 3922 435 3986; x_wconf 93' lang='lat' dir='ltr'><strong>ob</strong></span> <span class='ocrx_word' id='word_1_262' title='bbox 456 3922 490 3987; x_wconf 93' lang='lat' dir='ltr'><strong>id</strong></span> <span class='ocrx_word' id='word_1_263' title='bbox 512 3923 627 4010; x_wconf 82' lang='lat' dir='ltr'><strong>placet,</strong></span> <span class='ocrx_word' id='word_1_264' title='bbox 650 3925 735 4010; x_wconf 93' lang='lat' dir='ltr'><strong>quod</strong></span> <span class='ocrx_word' id='word_1_265' title='bbox 756 3923 890 4009; x_wconf 89' lang='lat' dir='ltr'><strong>quilibet</strong></span> <span class='ocrx_word' id='word_1_266' title='bbox 908 3923 1050 3988; x_wconf 86' lang='lat' dir='ltr'><strong>decanus</strong></span> <span class='ocrx_word' id='word_1_267' title='bbox 1070 3926 1103 3988; x_wconf 90' lang='lat' dir='ltr'><strong>in</strong></span> <span class='ocrx_word' id='word_1_268' title='bbox 1126 3924 1291 4010; x_wconf 91' lang='lat' dir='ltr'><strong>principio</strong></span> <span class='ocrx_word' id='word_1_269' title='bbox 1313 3924 1364 3986; x_wconf 89' lang='lat' dir='ltr'><strong>sui</strong></span> <span class='ocrx_word' id='word_1_270' title='bbox 1386 3923 1485 3987; x_wconf 89' lang='lat' dir='ltr'><strong>officii</strong></span> <span class='ocrx_word' id='word_1_271' title='bbox 1507 3945 1580 3987; x_wconf 91' lang='lat' dir='ltr'><strong>cum</strong></span> <span class='ocrx_word' id='word_1_272' title='bbox 1602 3924 1664 3986; x_wconf 87' lang='lat' dir='ltr'><strong>suis</strong></span> 
     </span>
     <span class='ocr_line' id='line_1_33' title="bbox 246 4021 1665 4110; baseline -0.001 -23"><span class='ocrx_word' id='word_1_273' title='bbox 246 4022 472 4088; x_wconf 84' lang='lat' dir='ltr'><strong>executoribus</strong></span> <span class='ocrx_word' id='word_1_274' title='bbox 502 4046 612 4087; x_wconf 89' lang='lat' dir='ltr'><strong>omnes</strong></span> <span class='ocrx_word' id='word_1_275' title='bbox 644 4036 675 4088; x_wconf 90' lang='lat' dir='ltr'><strong>et</strong></span> <span class='ocrx_word' id='word_1_276' title='bbox 703 4024 846 4110; x_wconf 81' lang='lat' dir='ltr'><strong>singulos</strong></span> <span class='ocrx_word' id='word_1_277' title='bbox 875 4023 1039 4088; x_wconf 81' lang='lat' dir='ltr'><strong>facultatis</strong></span> <span class='ocrx_word' id='word_1_278' title='bbox 1068 4022 1249 4088; x_wconf 87' lang='lat' dir='ltr'><strong>ordinarios</strong></span> <span class='ocrx_word' id='word_1_279' title='bbox 1269 4021 1407 4086; x_wconf 90' lang='lat' dir='ltr'><strong>lectores</strong></span> <span class='ocrx_word' id='word_1_280' title='bbox 1429 4022 1595 4106; x_wconf 85' lang='lat' dir='ltr'><strong>requirere</strong></span> <span class='ocrx_word' id='word_1_281' title='bbox 1616 4021 1665 4085; x_wconf 80' lang='lat' dir='ltr'><strong>de</strong></span> 
     </span>
     <span class='ocr_line' id='line_1_34' title="bbox 245 4120 1665 4210; baseline -0.002 -23"><span class='ocrx_word' id='word_1_282' title='bbox 245 4123 334 4203; x_wconf 90' lang='lat' dir='ltr'><strong>beat,</strong></span> <span class='ocrx_word' id='word_1_283' title='bbox 368 4132 400 4185; x_wconf 92' lang='lat' dir='ltr'><strong>et</strong></span> <span class='ocrx_word' id='word_1_284' title='bbox 429 4121 569 4208; x_wconf 91' lang='lat' dir='ltr'><strong>desuper</strong></span> <span class='ocrx_word' id='word_1_285' title='bbox 602 4125 746 4209; x_wconf 89' lang='lat' dir='ltr'><strong>recipere</strong></span> <span class='ocrx_word' id='word_1_286' title='bbox 780 4126 995 4210; x_wconf 89' lang='lat' dir='ltr'><strong>promissum,</strong></span> <span class='ocrx_word' id='word_1_287' title='bbox 1024 4125 1070 4187; x_wconf 92' lang='lat' dir='ltr'><strong>eis</strong></span> <span class='ocrx_word' id='word_1_288' title='bbox 1102 4120 1319 4207; x_wconf 83' lang='lat' dir='ltr'><strong>iniungendo,</strong></span> <span class='ocrx_word' id='word_1_289' title='bbox 1349 4130 1509 4208; x_wconf 88' lang='lat' dir='ltr'><strong>quatenus</strong></span> <span class='ocrx_word' id='word_1_290' title='bbox 1537 4123 1571 4184; x_wconf 91' lang='lat' dir='ltr'><strong>in</strong></span> <span class='ocrx_word' id='word_1_291' title='bbox 1604 4122 1665 4185; x_wconf 88' lang='lat' dir='ltr'><strong>suis</strong></span> 
     </span>
     <span class='ocr_line' id='line_1_35' title="bbox 245 4219 1666 4310; baseline -0.002 -24"><span class='ocrx_word' id='word_1_292' title='bbox 245 4221 436 4286; x_wconf 87' lang='lat' dir='ltr'><strong>lectionibus</strong></span> <span class='ocrx_word' id='word_1_293' title='bbox 466 4220 640 4305; x_wconf 84' lang='lat' dir='ltr'><strong>dignentur</strong></span> <span class='ocrx_word' id='word_1_294' title='bbox 668 4223 775 4286; x_wconf 87' lang='lat' dir='ltr'><strong>facere</strong></span> <span class='ocrx_word' id='word_1_295' title='bbox 804 4219 1004 4308; x_wconf 84' lang='lat' dir='ltr'><strong>diligentiam</strong></span> <span class='ocrx_word' id='word_1_296' title='bbox 1036 4245 1095 4310; x_wconf 93' lang='lat' dir='ltr'><strong>pro</strong></span> <span class='ocrx_word' id='word_1_297' title='bbox 1122 4221 1260 4286; x_wconf 88' lang='lat' dir='ltr'><strong>utilitate</strong></span> <span class='ocrx_word' id='word_1_298' title='bbox 1286 4232 1317 4284; x_wconf 91' lang='lat' dir='ltr'><strong>et</strong></span> <span class='ocrx_word' id='word_1_299' title='bbox 1345 4222 1546 4284; x_wconf 87' lang='lat' dir='ltr'><strong>incremento</strong></span> <span class='ocrx_word' id='word_1_300' title='bbox 1573 4220 1666 4284; x_wconf 88' lang='lat' dir='ltr'><strong>studii</strong></span> 
     </span>
    </p>

    <p class='ocr_par' dir='ltr' id='par_1_13' title="bbox 205 4319 1666 4806">
     <span class='ocr_line' id='line_1_36' title="bbox 205 4319 1665 4408; baseline -0.003 -20"><span class='ocrx_word' id='word_1_301' title='bbox 205 4320 411 4387; x_wconf 67' lang='lat' dir='ltr'><strong>attacudtatis</strong></span> <span class='ocrx_word' id='word_1_302' title='bbox 438 4330 469 4383; x_wconf 91' lang='lat' dir='ltr'><strong>et</strong></span> <span class='ocrx_word' id='word_1_303' title='bbox 498 4343 630 4384; x_wconf 89' lang='lat' dir='ltr'><strong>suorum</strong></span> <span class='ocrx_word' id='word_1_304' title='bbox 659 4320 854 4386; x_wconf 87' lang='lat' dir='ltr'><strong>scholarium</strong></span> <span class='ocrx_word' id='word_1_305' title='bbox 882 4321 1195 4408; x_wconf 82' lang='lat' dir='ltr'><strong>promovendorum,</strong></span> <span class='ocrx_word' id='word_1_306' title='bbox 1222 4319 1396 4406; x_wconf 84' lang='lat' dir='ltr'><strong>legantque</strong></span> <span class='ocrx_word' id='word_1_307' title='bbox 1429 4319 1558 4406; x_wconf 88' lang='lat' dir='ltr'><strong>publice</strong></span> <span class='ocrx_word' id='word_1_308' title='bbox 1586 4321 1665 4384; x_wconf 92' lang='lat' dir='ltr'><strong>etin</strong></span> 
     </span>
     <span class='ocr_line' id='line_1_37' title="bbox 246 4418 1666 4507; baseline -0.004 -20"><span class='ocrx_word' id='word_1_309' title='bbox 246 4422 326 4487; x_wconf 90' lang='lat' dir='ltr'><strong>loeis</strong></span> <span class='ocrx_word' id='word_1_310' title='bbox 348 4419 496 4506; x_wconf 90' lang='lat' dir='ltr'><strong>publicis,</strong></span> <span class='ocrx_word' id='word_1_311' title='bbox 517 4431 549 4484; x_wconf 89' lang='lat' dir='ltr'><strong>et</strong></span> <span class='ocrx_word' id='word_1_312' title='bbox 575 4443 638 4485; x_wconf 90' lang='lat' dir='ltr'><strong>non</strong></span> <span class='ocrx_word' id='word_1_313' title='bbox 667 4444 704 4485; x_wconf 92' lang='lat' dir='ltr'><strong>eo</strong></span> <span class='ocrx_word' id='word_1_314' title='bbox 729 4423 833 4486; x_wconf 91' lang='lat' dir='ltr'><strong>minus</strong></span> <span class='ocrx_word' id='word_1_315' title='bbox 856 4432 970 4507; x_wconf 88' lang='lat' dir='ltr'><strong>postea</strong></span> <span class='ocrx_word' id='word_1_316' title='bbox 1002 4421 1172 4487; x_wconf 90' lang='lat' dir='ltr'><strong>sollicitum</strong></span> <span class='ocrx_word' id='word_1_317' title='bbox 1203 4418 1324 4484; x_wconf 88' lang='lat' dir='ltr'><strong>habeat</strong></span> <span class='ocrx_word' id='word_1_318' title='bbox 1353 4419 1545 4484; x_wconf 86' lang='lat' dir='ltr'><strong>scrutinium</strong></span> <span class='ocrx_word' id='word_1_319' title='bbox 1574 4442 1666 4506; x_wconf 88' lang='lat' dir='ltr'><strong>super</strong></span> 
     </span>
     <span class='ocr_line' id='line_1_38' title="bbox 245 4516 1665 4606; baseline -0.002 -21"><span class='ocrx_word' id='word_1_320' title='bbox 245 4520 413 4606; x_wconf 88' lang='lat' dir='ltr'><strong>diligentia</strong></span> <span class='ocrx_word' id='word_1_321' title='bbox 434 4518 604 4601; x_wconf 88' lang='lat' dir='ltr'><strong>lectorum,</strong></span> <span class='ocrx_word' id='word_1_322' title='bbox 626 4543 667 4584; x_wconf 90' lang='lat' dir='ltr'><strong>an</strong></span> <span class='ocrx_word' id='word_1_323' title='bbox 689 4523 776 4585; x_wconf 93' lang='lat' dir='ltr'><strong>omni</strong></span> <span class='ocrx_word' id='word_1_324' title='bbox 798 4521 850 4585; x_wconf 92' lang='lat' dir='ltr'><strong>die</strong></span> <span class='ocrx_word' id='word_1_325' title='bbox 878 4520 1017 4605; x_wconf 88' lang='lat' dir='ltr'><strong>legibili,</strong></span> <span class='ocrx_word' id='word_1_326' title='bbox 1049 4523 1145 4584; x_wconf 89' lang='lat' dir='ltr'><strong>etiam</strong></span> <span class='ocrx_word' id='word_1_327' title='bbox 1173 4521 1207 4583; x_wconf 91' lang='lat' dir='ltr'><strong>in</strong></span> <span class='ocrx_word' id='word_1_328' title='bbox 1232 4518 1323 4584; x_wconf 82' lang='lat' dir='ltr'><strong>sestis</strong></span> <span class='ocrx_word' id='word_1_329' title='bbox 1359 4516 1588 4604; x_wconf 87' lang='lat' dir='ltr'><strong>collegiorum,</strong></span> <span class='ocrx_word' id='word_1_330' title='bbox 1610 4542 1665 4605; x_wconf 94' lang='lat' dir='ltr'><strong>pro</strong></span> 
     </span>
     <span class='ocr_line' id='line_1_39' title="bbox 247 4616 1666 4704; baseline -0.001 -20"><span class='ocrx_word' id='word_1_331' title='bbox 247 4621 352 4684; x_wconf 87' lang='lat' dir='ltr'><strong>fructu</strong></span> <span class='ocrx_word' id='word_1_332' title='bbox 374 4630 405 4682; x_wconf 88' lang='lat' dir='ltr'><strong>et</strong></span> <span class='ocrx_word' id='word_1_333' title='bbox 426 4618 564 4682; x_wconf 87' lang='lat' dir='ltr'><strong>utilitate</strong></span> <span class='ocrx_word' id='word_1_334' title='bbox 585 4619 768 4684; x_wconf 90' lang='lat' dir='ltr'><strong>auditorum</strong></span> <span class='ocrx_word' id='word_1_335' title='bbox 802 4643 876 4684; x_wconf 90' lang='lat' dir='ltr'><strong>suas</strong></span> <span class='ocrx_word' id='word_1_336' title='bbox 908 4619 1062 4685; x_wconf 87' lang='lat' dir='ltr'><strong>lectiones</strong></span> <span class='ocrx_word' id='word_1_337' title='bbox 1095 4617 1232 4704; x_wconf 85' lang='lat' dir='ltr'><strong>legendo</strong></span> <span class='ocrx_word' id='word_1_338' title='bbox 1265 4616 1440 4703; x_wconf 82' lang='lat' dir='ltr'><strong>diligenter</strong></span> <span class='ocrx_word' id='word_1_339' title='bbox 1469 4620 1666 4699; x_wconf 73' lang='lat' dir='ltr'><strong>continuent,</strong></span> 
     </span>
     <span class='ocr_line' id='line_1_40' title="bbox 249 4716 1666 4806; baseline 0 -24"><span class='ocrx_word' id='word_1_340' title='bbox 249 4727 280 4782; x_wconf 88' lang='lat' dir='ltr'><strong>et</strong></span> <span class='ocrx_word' id='word_1_341' title='bbox 303 4719 331 4782; x_wconf 93' lang='lat' dir='ltr'><strong>si</strong></span> <span class='ocrx_word' id='word_1_342' title='bbox 352 4727 551 4805; x_wconf 90' lang='lat' dir='ltr'><strong>compertum</strong></span> <span class='ocrx_word' id='word_1_343' title='bbox 581 4717 694 4801; x_wconf 84' lang='lat' dir='ltr'><strong>fuerit,</strong></span> <span class='ocrx_word' id='word_1_344' title='bbox 729 4719 813 4805; x_wconf 92' lang='lat' dir='ltr'><strong>quod</strong></span> <span class='ocrx_word' id='word_1_345' title='bbox 849 4719 965 4806; x_wconf 86' lang='lat' dir='ltr'><strong>aliquis</strong></span> <span class='ocrx_word' id='word_1_346' title='bbox 999 4741 1109 4783; x_wconf 90' lang='lat' dir='ltr'><strong>eorum</strong></span> <span class='ocrx_word' id='word_1_347' title='bbox 1139 4717 1220 4783; x_wconf 87' lang='lat' dir='ltr'><strong>adeo</strong></span> <span class='ocrx_word' id='word_1_348' title='bbox 1253 4716 1423 4802; x_wconf 82' lang='lat' dir='ltr'><strong>negligens</strong></span> <span class='ocrx_word' id='word_1_349' title='bbox 1454 4717 1563 4800; x_wconf 88' lang='lat' dir='ltr'><strong>fuerit,</strong></span> <span class='ocrx_word' id='word_1_350' title='bbox 1585 4717 1666 4803; x_wconf 93' lang='lat' dir='ltr'><strong>quod</strong></span> 
     </span>
    </p>

    <p class='ocr_par' dir='ltr' id='par_1_14' title="bbox 206 4815 1666 4905">
     <span class='ocr_line' id='line_1_41' title="bbox 206 4815 1666 4905; baseline -0.003 -21"><span class='ocrx_word' id='word_1_351' title='bbox 206 4816 414 4884; x_wconf 80' lang='lat' dir='ltr'><strong>toauditores</strong></span> <span class='ocrx_word' id='word_1_352' title='bbox 436 4819 486 4881; x_wconf 91' lang='lat' dir='ltr'><strong>sui</strong></span> <span class='ocrx_word' id='word_1_353' title='bbox 507 4817 733 4884; x_wconf 85' lang='lat' dir='ltr'><strong>universaliter</strong></span> <span class='ocrx_word' id='word_1_354' title='bbox 755 4819 894 4905; x_wconf 90' lang='lat' dir='ltr'><strong>desuper</strong></span> <span class='ocrx_word' id='word_1_355' title='bbox 923 4828 1169 4904; x_wconf 89' lang='lat' dir='ltr'><strong>conquerantur,</strong></span> <span class='ocrx_word' id='word_1_356' title='bbox 1202 4827 1278 4882; x_wconf 89' lang='lat' dir='ltr'><strong>tunc</strong></span> <span class='ocrx_word' id='word_1_357' title='bbox 1305 4815 1388 4880; x_wconf 91' lang='lat' dir='ltr'><strong>alius</strong></span> <span class='ocrx_word' id='word_1_358' title='bbox 1411 4817 1446 4881; x_wconf 92' lang='lat' dir='ltr'><strong>in</strong></span> <span class='ocrx_word' id='word_1_359' title='bbox 1469 4817 1540 4882; x_wconf 89' lang='lat' dir='ltr'><strong>eius</strong></span> <span class='ocrx_word' id='word_1_360' title='bbox 1566 4817 1666 4882; x_wconf 90' lang='lat' dir='ltr'><strong>locum</strong></span> 
     </span>
    </p>
   </div>
   <div class='ocr_carea' id='block_1_8' title="bbox 245 5079 1666 5237">
    <p class='ocr_par' dir='ltr' id='par_1_15' title="bbox 245 5079 1666 5237">
     <span class='ocr_line' id='line_1_42' title="bbox 332 5079 1666 5153; baseline -0.001 -17"><span class='ocrx_word' id='word_1_361' title='bbox 332 5087 343 5137; x_wconf 84' lang='lat'><strong>1</strong></span> <span class='ocrx_word' id='word_1_362' title='bbox 365 5081 504 5136; x_wconf 87' lang='lat' dir='ltr'><strong>Hieruach</strong></span> <span class='ocrx_word' id='word_1_363' title='bbox 522 5081 572 5136; x_wconf 89' lang='lat' dir='ltr'><strong>hat</strong></span> <span class='ocrx_word' id='word_1_364' title='bbox 588 5080 706 5136; x_wconf 83' lang='lat' dir='ltr'><strong>dissolbe</strong></span> <span class='ocrx_word' id='word_1_365' title='bbox 723 5081 807 5135; x_wconf 87' lang='lat' dir='ltr'><strong>Hand</strong></span> <span class='ocrx_word' id='word_1_366' title='bbox 824 5081 1017 5153; x_wconf 80' lang='lat' dir='ltr'><strong>geschriehsn:</strong></span> <span class='ocrx_word' id='word_1_367' title='bbox 1043 5081 1173 5150; x_wconf 74' lang='lat' dir='ltr'><strong>Sequitur</strong></span> <span class='ocrx_word' id='word_1_368' title='bbox 1189 5088 1318 5135; x_wconf 66' lang='lat' dir='ltr'><strong>structum</strong></span> <span class='ocrx_word' id='word_1_369' title='bbox 1337 5086 1384 5151; x_wconf 68' lang='lat'><strong>‘2⁶3</strong></span> <span class='ocrx_word' id='word_1_370' title='bbox 1413 5099 1478 5138; x_wconf 84' lang='lat' dir='ltr'><strong>man</strong></span> <span class='ocrx_word' id='word_1_371' title='bbox 1499 5082 1573 5138; x_wconf 88' lang='lat' dir='ltr'><strong>siebt</strong></span> <span class='ocrx_word' id='word_1_372' title='bbox 1590 5079 1666 5145; x_wconf 77' lang='lat' dir='ltr'><strong>nicht,</strong></span> 
     </span>
     <span class='ocr_line' id='line_1_43' title="bbox 245 5164 1114 5237; baseline -0.003 -14"><span class='ocrx_word' id='word_1_373' title='bbox 245 5183 296 5223; x_wconf 84' lang='lat' dir='ltr'><strong>aus</strong></span> <span class='ocrx_word' id='word_1_374' title='bbox 315 5164 443 5223; x_wconf 81' lang='lat' dir='ltr'><strong>welchem</strong></span> <span class='ocrx_word' id='word_1_375' title='bbox 462 5167 576 5223; x_wconf 82' lang='lat' dir='ltr'><strong>Grande</strong></span> <span class='ocrx_word' id='word_1_376' title='bbox 592 5165 650 5222; x_wconf 83' lang='lat' dir='ltr'><strong>dies</strong></span> <span class='ocrx_word' id='word_1_377' title='bbox 667 5165 780 5236; x_wconf 88' lang='lat' dir='ltr'><strong>specisll</strong></span> <span class='ocrx_word' id='word_1_378' title='bbox 797 5164 1021 5237; x_wconf 75' lang='lat' dir='ltr'><strong>herrorgahobsn</strong></span> <span class='ocrx_word' id='word_1_379' title='bbox 1039 5164 1114 5220; x_wconf 74' lang='lat' dir='ltr'><strong>vird.</strong></span> 
     </span>
    </p>
   </div>
   <div class='ocr_carea' id='block_1_9' title="bbox 0 0 1882 6148">
    <p class='ocr_par' dir='ltr' id='par_1_16' title="bbox 0 0 1882 6148">
     <span class='ocr_line' id='line_1_44' title="bbox 0 0 1882 6148; baseline 0 0"><span class='ocrx_word' id='word_1_380' title='bbox 0 0 1882 6148; x_wconf 95' lang='lat' dir='ltr'><strong> </strong></span> 
     </span>
    </p>
   </div>
  </div>
 </body>
</html>
