<?xml version="1.0" encoding="UTF-8"?>
<!DOCTYPE html PUBLIC "-//W3C//DTD XHTML 1.0 Transitional//EN"
    "http://www.w3.org/TR/xhtml1/DTD/xhtml1-transitional.dtd">
<html xmlns="http://www.w3.org/1999/xhtml" xml:lang="en" lang="en">
 <head>
  <title>
</title>
<meta http-equiv="Content-Type" content="text/html;charset=utf-8" />
  <meta name='ocr-system' content='tesseract 3.04.00' />
  <meta name='ocr-capabilities' content='ocr_page ocr_carea ocr_par ocr_line ocrx_word'/>
</head>
<body>
  <div class='ocr_page' id='page_1' title='image "./diestatutenbche00univgoog_0357.png"; bbox 0 0 3756 6158; ppageno 0'>
   <div class='ocr_carea' id='block_1_1' title="bbox 273 484 1191 552">
    <p class='ocr_par' dir='ltr' id='par_1_1' title="bbox 273 484 1191 552">
     <span class='ocr_line' id='line_1_1' title="bbox 273 484 1191 552; baseline -0.011 -8"><span class='ocrx_word' id='word_1_1' title='bbox 273 488 333 552; x_wconf 83' lang='lat'><strong>338</strong></span> <span class='ocrx_word' id='word_1_2' title='bbox 762 485 812 536; x_wconf 86' lang='lat' dir='ltr'><strong>Dis</strong></span> <span class='ocrx_word' id='word_1_3' title='bbox 831 484 1048 549; x_wconf 84' lang='lat' dir='ltr'><strong>philosophische</strong></span> <span class='ocrx_word' id='word_1_4' title='bbox 1065 484 1191 534; x_wconf 61' lang='lat' dir='ltr'><strong>resultet.</strong></span> 
     </span>
    </p>
   </div>
   <div class='ocr_carea' id='block_1_2' title="bbox 273 741 1677 949">
    <p class='ocr_par' dir='ltr' id='par_1_2' title="bbox 273 741 1677 949">
     <span class='ocr_line' id='line_1_2' title="bbox 273 741 1677 816; baseline -0.005 -15"><span class='ocrx_word' id='word_1_5' title='bbox 273 741 321 801; x_wconf 73' lang='lat'><strong>60·</strong></span> <span class='ocrx_word' id='word_1_6' title='bbox 353 751 412 810; x_wconf 82' lang='lat' dir='ltr'><strong>QUI</strong></span> <span class='ocrx_word' id='word_1_7' title='bbox 434 748 597 798; x_wconf 74' lang='lat' dir='ltr'><strong>TENETUR</strong></span> <span class='ocrx_word' id='word_1_8' title='bbox 619 749 807 799; x_wconf 79' lang='lat' dir='ltr'><strong>ORDINARIE</strong></span> <span class='ocrx_word' id='word_1_9' title='bbox 829 751 1033 816; x_wconf 73' lang='lat' dir='ltr'><strong>DISPUTARE,</strong></span> <span class='ocrx_word' id='word_1_10' title='bbox 1056 751 1101 798; x_wconf 85' lang='grc' dir='ltr'><strong>ΕΤ</strong></span> <span class='ocrx_word' id='word_1_11' title='bbox 1121 750 1168 796; x_wconf 80' lang='lat' dir='ltr'><strong>DII</strong></span> <span class='ocrx_word' id='word_1_12' title='bbox 1190 748 1305 798; x_wconf 76' lang='lat' dir='ltr'>POENA</span> <span class='ocrx_word' id='word_1_13' title='bbox 1325 747 1398 795; x_wconf 81' lang='lat' dir='ltr'><strong>NON</strong></span> <span class='ocrx_word' id='word_1_14' title='bbox 1419 746 1677 799; x_wconf 67' lang='lat' dir='ltr'><strong>DISPUTANCIUH.</strong></span> 
     </span>
     <span class='ocr_line' id='line_1_3' title="bbox 847 885 1104 949; baseline 0.004 -13"><span class='ocrx_word' id='word_1_15' title='bbox 847 887 907 949; x_wconf 82' lang='lat' dir='ltr'><strong>Vgl.</strong></span> <span class='ocrx_word' id='word_1_16' title='bbox 925 902 949 937; x_wconf 77' lang='lat' dir='ltr'><strong>a.</strong></span> <span class='ocrx_word' id='word_1_17' title='bbox 967 885 1005 938; x_wconf 82' lang='lat' dir='ltr'><strong>St.</strong></span> <span class='ocrx_word' id='word_1_18' title='bbox 1022 885 1062 947; x_wconf 83' lang='lat'><strong>23,</strong></span> <span class='ocrx_word' id='word_1_19' title='bbox 1079 886 1104 937; x_wconf 84' lang='grc'><strong>6.</strong></span> 
     </span>
    </p>
   </div>
   <div class='ocr_carea' id='block_1_3' title="bbox 135 1012 1679 1501">
    <p class='ocr_par' dir='ltr' id='par_1_3' title="bbox 354 1012 1677 1106">
     <span class='ocr_line' id='line_1_4' title="bbox 354 1012 1677 1106; baseline -0.004 -25"><span class='ocrx_word' id='word_1_20' title='bbox 354 1017 435 1082; x_wconf 87' lang='lat' dir='ltr'><strong>Item</strong></span> <span class='ocrx_word' id='word_1_21' title='bbox 457 1015 592 1102; x_wconf 87' lang='lat' dir='ltr'><strong>quilibet</strong></span> <span class='ocrx_word' id='word_1_22' title='bbox 612 1017 778 1102; x_wconf 85' lang='lat' dir='ltr'><strong>magister,</strong></span> <span class='ocrx_word' id='word_1_23' title='bbox 804 1016 858 1082; x_wconf 87' lang='lat' dir='ltr'><strong>hic</strong></span> <span class='ocrx_word' id='word_1_24' title='bbox 878 1019 913 1082; x_wconf 91' lang='lat' dir='ltr'><strong>in</strong></span> <span class='ocrx_word' id='word_1_25' title='bbox 933 1017 1143 1082; x_wconf 75' lang='lat' dir='ltr'><strong>universitate</strong></span> <span class='ocrx_word' id='word_1_26' title='bbox 1164 1024 1339 1102; x_wconf 86' lang='lat' dir='ltr'><strong>promotus,</strong></span> <span class='ocrx_word' id='word_1_27' title='bbox 1361 1012 1542 1106; x_wconf 83' lang='lat' dir='ltr'><strong>disputabit</strong></span> <span class='ocrx_word' id='word_1_28' title='bbox 1563 1013 1597 1077; x_wconf 92' lang='lat' dir='ltr'><strong>in</strong></span> <span class='ocrx_word' id='word_1_29' title='bbox 1617 1012 1677 1077; x_wconf 82' lang='lat' dir='ltr'><strong>loco</strong></span> 
     </span>
    </p>

    <p class='ocr_par' dir='ltr' id='par_1_4' title="bbox 273 1111 1679 1202">
     <span class='ocr_line' id='line_1_5' title="bbox 273 1111 1679 1202; baseline -0.004 -21"><span class='ocrx_word' id='word_1_30' title='bbox 273 1140 330 1182; x_wconf 93' lang='lat' dir='ltr'><strong>suo</strong></span> <span class='ocrx_word' id='word_1_31' title='bbox 351 1115 514 1181; x_wconf 80' lang='lat' dir='ltr'><strong>ordinarie</strong></span> <span class='ocrx_word' id='word_1_32' title='bbox 537 1126 612 1202; x_wconf 91' lang='lat' dir='ltr'><strong>post</strong></span> <span class='ocrx_word' id='word_1_33' title='bbox 633 1118 871 1202; x_wconf 83' lang='lat' dir='ltr'><strong>promocionem</strong></span> <span class='ocrx_word' id='word_1_34' title='bbox 893 1139 985 1181; x_wconf 91' lang='lat' dir='ltr'><strong>suam</strong></span> <span class='ocrx_word' id='word_1_35' title='bbox 1007 1115 1049 1179; x_wconf 93' lang='lat' dir='ltr'><strong>ad</strong></span> <span class='ocrx_word' id='word_1_36' title='bbox 1071 1114 1176 1179; x_wconf 90' lang='lat' dir='ltr'><strong>minus</strong></span> <span class='ocrx_word' id='word_1_37' title='bbox 1193 1114 1236 1179; x_wconf 85' lang='lat' dir='ltr'><strong>ad</strong></span> <span class='ocrx_word' id='word_1_38' title='bbox 1252 1114 1361 1179; x_wconf 90' lang='lat' dir='ltr'><strong>decem</strong></span> <span class='ocrx_word' id='word_1_39' title='bbox 1375 1136 1487 1196; x_wconf 87' lang='lat' dir='ltr'><strong>annos,</strong></span> <span class='ocrx_word' id='word_1_40' title='bbox 1510 1111 1570 1178; x_wconf 90' lang='lat' dir='ltr'><strong>sub</strong></span> <span class='ocrx_word' id='word_1_41' title='bbox 1584 1132 1679 1199; x_wconf 84' lang='lat' dir='ltr'><strong>poena</strong></span> 
     </span>
    </p>

    <p class='ocr_par' dir='ltr' id='par_1_5' title="bbox 231 1210 1678 1303">
     <span class='ocr_line' id='line_1_6' title="bbox 231 1210 1678 1303; baseline -0.003 -23"><span class='ocrx_word' id='word_1_42' title='bbox 231 1227 247 1280; x_wconf 82' lang='lat'><strong>5</strong></span> <span class='ocrx_word' id='word_1_43' title='bbox 275 1217 472 1303; x_wconf 75' lang='lat' dir='ltr'><strong>privacionis</strong></span> <span class='ocrx_word' id='word_1_44' title='bbox 493 1214 556 1279; x_wconf 91' lang='lat' dir='ltr'><strong>loci</strong></span> <span class='ocrx_word' id='word_1_45' title='bbox 580 1216 612 1278; x_wconf 92' lang='lat' dir='ltr'><strong>in</strong></span> <span class='ocrx_word' id='word_1_46' title='bbox 635 1215 730 1280; x_wconf 89' lang='lat' dir='ltr'><strong>scolis</strong></span> <span class='ocrx_word' id='word_1_47' title='bbox 751 1227 783 1280; x_wconf 91' lang='lat' dir='ltr'><strong>et</strong></span> <span class='ocrx_word' id='word_1_48' title='bbox 804 1214 1001 1301; x_wconf 80' lang='lat' dir='ltr'><strong>quibuslibet</strong></span> <span class='ocrx_word' id='word_1_49' title='bbox 1026 1213 1099 1279; x_wconf 88' lang='lat' dir='ltr'><strong>aliis</strong></span> <span class='ocrx_word' id='word_1_50' title='bbox 1124 1212 1259 1279; x_wconf 85' lang='lat' dir='ltr'><strong>actibus.</strong></span> <span class='ocrx_word' id='word_1_51' title='bbox 1299 1212 1404 1294; x_wconf 77' lang='lat' dir='ltr'><strong>Quem</strong></span> <span class='ocrx_word' id='word_1_52' title='bbox 1423 1214 1528 1277; x_wconf 88' lang='lat' dir='ltr'><strong>eciam</strong></span> <span class='ocrx_word' id='word_1_53' title='bbox 1549 1210 1678 1276; x_wconf 85' lang='lat' dir='ltr'><strong>decanm</strong></span> 
     </span>
    </p>

    <p class='ocr_par' dir='ltr' id='par_1_6' title="bbox 135 1311 1677 1501">
     <span class='ocr_line' id='line_1_7' title="bbox 135 1311 1677 1417; baseline -0.004 -37"><span class='ocrx_word' id='word_1_54' title='bbox 135 1332 168 1417; x_wconf 50' lang='lat' dir='ltr'>f</span> <span class='ocrx_word' id='word_1_55' title='bbox 272 1337 332 1401; x_wconf 90' lang='lat' dir='ltr'><strong>pro</strong></span> <span class='ocrx_word' id='word_1_56' title='bbox 358 1325 504 1401; x_wconf 90' lang='lat' dir='ltr'><strong>tempore</strong></span> <span class='ocrx_word' id='word_1_57' title='bbox 531 1315 672 1378; x_wconf 85' lang='lat' dir='ltr'><strong>existens</strong></span> <span class='ocrx_word' id='word_1_58' title='bbox 693 1313 854 1379; x_wconf 89' lang='lat' dir='ltr'><strong>tenebitur</strong></span> <span class='ocrx_word' id='word_1_59' title='bbox 881 1313 1037 1402; x_wconf 86' lang='lat' dir='ltr'><strong>repellere</strong></span> <span class='ocrx_word' id='word_1_60' title='bbox 1063 1311 1104 1378; x_wconf 90' lang='lat' dir='ltr'><strong>de</strong></span> <span class='ocrx_word' id='word_1_61' title='bbox 1134 1311 1229 1378; x_wconf 86' lang='lat' dir='ltr'><strong>scolis</strong></span> <span class='ocrx_word' id='word_1_62' title='bbox 1258 1335 1318 1400; x_wconf 88' lang='lat' dir='ltr'><strong>per</strong></span> <span class='ocrx_word' id='word_1_63' title='bbox 1339 1313 1511 1378; x_wconf 89' lang='lat' dir='ltr'><strong>nunccium</strong></span> <span class='ocrx_word' id='word_1_64' title='bbox 1532 1311 1677 1380; x_wconf 84' lang='lat' dir='ltr'><strong>universi·</strong></span> 
     </span>
     <span class='ocr_line' id='line_1_8' title="bbox 272 1411 1075 1501; baseline -0.001 -22"><span class='ocrx_word' id='word_1_65' title='bbox 272 1416 358 1497; x_wconf 90' lang='lat' dir='ltr'><strong>tatis,</strong></span> <span class='ocrx_word' id='word_1_66' title='bbox 379 1415 443 1479; x_wconf 92' lang='lat' dir='ltr'><strong>nisi</strong></span> <span class='ocrx_word' id='word_1_67' title='bbox 464 1414 615 1478; x_wconf 87' lang='lat' dir='ltr'><strong>fueritin</strong></span> <span class='ocrx_word' id='word_1_68' title='bbox 638 1411 703 1477; x_wconf 85' lang='lat' dir='ltr'><strong>alia</strong></span> <span class='ocrx_word' id='word_1_69' title='bbox 723 1413 876 1479; x_wconf 87' lang='lat' dir='ltr'><strong>facultate</strong></span> <span class='ocrx_word' id='word_1_70' title='bbox 898 1422 1075 1501; x_wconf 87' lang='lat' dir='ltr'><strong>promotus.</strong></span> 
     </span>
    </p>
   </div>
   <div class='ocr_carea' id='block_1_4' title="bbox 335 1603 1624 1762">
    <p class='ocr_par' dir='ltr' id='par_1_7' title="bbox 335 1603 1624 1762">
     <span class='ocr_line' id='line_1_9' title="bbox 335 1603 1624 1674; baseline -0.002 -11"><span class='ocrx_word' id='word_1_71' title='bbox 335 1603 385 1663; x_wconf 85' lang='grc'><strong>61.</strong></span> <span class='ocrx_word' id='word_1_72' title='bbox 410 1612 506 1674; x_wconf 78' lang='lat' dir='ltr'><strong>ouon</strong></span> <span class='ocrx_word' id='word_1_73' title='bbox 529 1613 693 1673; x_wconf 74' lang='lat' dir='ltr'><strong>ommuni</strong></span> <span class='ocrx_word' id='word_1_74' title='bbox 714 1612 905 1663; x_wconf 73' lang='lat' dir='ltr'><strong>Discursus</strong></span> <span class='ocrx_word' id='word_1_75' title='bbox 926 1612 1114 1663; x_wconf 75' lang='lat' dir='ltr'><strong>osnmnum</strong></span> <span class='ocrx_word' id='word_1_76' title='bbox 1137 1612 1298 1661; x_wconf 76' lang='lat' dir='ltr'><strong>renerus</strong></span> <span class='ocrx_word' id='word_1_77' title='bbox 1319 1612 1386 1661; x_wconf 81' lang='lat' dir='ltr'><strong>snsr</strong></span> <span class='ocrx_word' id='word_1_78' title='bbox 1406 1612 1454 1660; x_wconf 86' lang='lat' dir='ltr'><strong>nn</strong></span> <span class='ocrx_word' id='word_1_79' title='bbox 1475 1611 1624 1660; x_wconf 76' lang='lat' dir='ltr'><strong>unsrun·</strong></span> 
     </span>
     <span class='ocr_line' id='line_1_10' title="bbox 778 1710 1179 1762; baseline -0.002 -2"><span class='ocrx_word' id='word_1_80' title='bbox 778 1712 951 1762; x_wconf 79' lang='lat' dir='ltr'><strong>nnnrmus</strong></span> <span class='ocrx_word' id='word_1_81' title='bbox 972 1710 1179 1761; x_wconf 80' lang='lat' dir='ltr'><strong>rnovronun.</strong></span> 
     </span>
    </p>
   </div>
   <div class='ocr_carea' id='block_1_5' title="bbox 234 1846 1118 1913">
    <p class='ocr_par' dir='ltr' id='par_1_8' title="bbox 234 1846 1118 1913">
     <span class='ocr_line' id='line_1_11' title="bbox 234 1846 1118 1913; baseline -0.002 -13"><span class='ocrx_word' id='word_1_82' title='bbox 234 1855 266 1910; x_wconf 90' lang='lat'><strong>10</strong></span> <span class='ocrx_word' id='word_1_83' title='bbox 842 1849 902 1912; x_wconf 73' lang='lat' dir='ltr'><strong>Vgl.</strong></span> <span class='ocrx_word' id='word_1_84' title='bbox 921 1862 945 1899; x_wconf 78' lang='lat' dir='ltr'><strong>a.</strong></span> <span class='ocrx_word' id='word_1_85' title='bbox 963 1846 1001 1899; x_wconf 77' lang='lat' dir='ltr'><strong>St</strong></span> <span class='ocrx_word' id='word_1_86' title='bbox 1019 1847 1062 1913; x_wconf 78' lang='lat'><strong>21,</strong></span> <span class='ocrx_word' id='word_1_87' title='bbox 1079 1847 1118 1899; x_wconf 82' lang='grc'><strong>19.</strong></span> 
     </span>
    </p>
   </div>
   <div class='ocr_carea' id='block_1_6' title="bbox 274 1926 1678 2262">
    <p class='ocr_par' dir='ltr' id='par_1_9' title="bbox 274 1926 1678 2262">
     <span class='ocr_line' id='line_1_12' title="bbox 357 1926 1678 2066; baseline -0.003 -24"><span class='ocrx_word' id='word_1_88' title='bbox 357 1977 436 2042; x_wconf 87' lang='lat' dir='ltr'><strong>Item</strong></span> <span class='ocrx_word' id='word_1_89' title='bbox 458 1975 579 2063; x_wconf 90' lang='lat' dir='ltr'><strong>placet,</strong></span> <span class='ocrx_word' id='word_1_90' title='bbox 608 1977 695 2063; x_wconf 93' lang='lat' dir='ltr'><strong>quod</strong></span> <span class='ocrx_word' id='word_1_91' title='bbox 723 1977 857 2064; x_wconf 90' lang='lat' dir='ltr'><strong>quilibet</strong></span> <span class='ocrx_word' id='word_1_92' title='bbox 882 1978 1111 2063; x_wconf 81' lang='lat' dir='ltr'><strong>magistrorum</strong></span> <span class='ocrx_word' id='word_1_93' title='bbox 1128 1975 1240 2040; x_wconf 88' lang='lat' dir='ltr'><strong>volens</strong></span> <span class='ocrx_word' id='word_1_94' title='bbox 1267 1926 1440 2066; x_wconf 28' lang='lat' dir='ltr'><strong>ordinarie·</strong></span> <span class='ocrx_word' id='word_1_95' title='bbox 1459 1974 1626 2062; x_wconf 86' lang='lat' dir='ltr'><strong>disputare</strong></span> <span class='ocrx_word' id='word_1_96' title='bbox 1644 1973 1678 2039; x_wconf 84' lang='lat' dir='ltr'><strong>de</strong></span> 
     </span>
     <span class='ocr_line' id='line_1_13' title="bbox 274 2072 1678 2169; baseline -0.002 -29"><span class='ocrx_word' id='word_1_97' title='bbox 274 2075 544 2162; x_wconf 85' lang='lat' dir='ltr'><strong>respondentibus</strong></span> <span class='ocrx_word' id='word_1_98' title='bbox 566 2075 629 2141; x_wconf 91' lang='lat' dir='ltr'><strong>sibi</strong></span> <span class='ocrx_word' id='word_1_99' title='bbox 652 2075 769 2141; x_wconf 89' lang='lat' dir='ltr'><strong>debeat</strong></span> <span class='ocrx_word' id='word_1_100' title='bbox 793 2075 976 2164; x_wconf 88' lang='lat' dir='ltr'><strong>providere,</strong></span> <span class='ocrx_word' id='word_1_101' title='bbox 1003 2084 1036 2140; x_wconf 90' lang='lat' dir='ltr'><strong>et</strong></span> <span class='ocrx_word' id='word_1_102' title='bbox 1063 2074 1106 2140; x_wconf 89' lang='lat' dir='ltr'><strong>ad</strong></span> <span class='ocrx_word' id='word_1_103' title='bbox 1131 2076 1237 2139; x_wconf 90' lang='lat' dir='ltr'><strong>minus</strong></span> <span class='ocrx_word' id='word_1_104' title='bbox 1265 2073 1514 2169; x_wconf 82' lang='lat' dir='ltr'><strong>principalibus,</strong></span> <span class='ocrx_word' id='word_1_105' title='bbox 1541 2072 1602 2140; x_wconf 89' lang='lat' dir='ltr'><strong>sub</strong></span> <span class='ocrx_word' id='word_1_106' title='bbox 1624 2095 1678 2138; x_wconf 88' lang='lat' dir='ltr'><strong>oon</strong></span> 
     </span>
     <span class='ocr_line' id='line_1_14' title="bbox 276 2172 1385 2262; baseline -0.002 -22"><span class='ocrx_word' id='word_1_107' title='bbox 276 2172 782 2262; x_wconf 74' lang='lat' dir='ltr'><strong>computacione&#39;disputacionia</strong></span> <span class='ocrx_word' id='word_1_108' title='bbox 1382 2192 1385 2196; x_wconf 88' lang='grc'><strong><em>·</em></strong></span> 
     </span>
    </p>
   </div>
   <div class='ocr_carea' id='block_1_7' title="bbox 334 2345 1628 2435">
    <p class='ocr_par' dir='ltr' id='par_1_10' title="bbox 334 2345 1628 2435">
     <span class='ocr_line' id='line_1_15' title="bbox 334 2345 1628 2435; baseline -0.004 -9"><span class='ocrx_word' id='word_1_109' title='bbox 334 2365 384 2426; x_wconf 80' lang='lat'><strong>62.</strong></span> <span class='ocrx_word' id='word_1_110' title='bbox 408 2373 503 2435; x_wconf 81' lang='lat' dir='ltr'><strong>Quor</strong></span> <span class='ocrx_word' id='word_1_111' title='bbox 523 2374 695 2424; x_wconf 79' lang='lat' dir='ltr'><strong>sumcuns</strong></span> <span class='ocrx_word' id='word_1_112' title='bbox 715 2374 950 2423; x_wconf 75' lang='lat' dir='ltr'><strong>Proconesus</strong></span> <span class='ocrx_word' id='word_1_113' title='bbox 970 2373 1058 2423; x_wconf 80' lang='lat' dir='ltr'><strong>suun</strong></span> <span class='ocrx_word' id='word_1_114' title='bbox 1077 2373 1145 2423; x_wconf 75' lang='lat' dir='ltr'><strong>nnn</strong></span> <span class='ocrx_word' id='word_1_115' title='bbox 1165 2345 1410 2422; x_wconf 72' lang='lat' dir='ltr'><strong>msruriurnu</strong></span> <span class='ocrx_word' id='word_1_116' title='bbox 1431 2372 1628 2422; x_wconf 81' lang='lat' dir='ltr'><strong>ounmsrus.</strong></span> 
     </span>
    </p>
   </div>
   <div class='ocr_carea' id='block_1_8' title="bbox 236 2509 1110 2574">
    <p class='ocr_par' dir='ltr' id='par_1_11' title="bbox 236 2509 1110 2574">
     <span class='ocr_line' id='line_1_16' title="bbox 236 2509 1110 2574; baseline 0.002 -15"><span class='ocrx_word' id='word_1_117' title='bbox 236 2518 266 2573; x_wconf 81' lang='lat'><strong>15</strong></span> <span class='ocrx_word' id='word_1_118' title='bbox 850 2510 909 2574; x_wconf 82' lang='lat' dir='ltr'><strong>Vgl.</strong></span> <span class='ocrx_word' id='word_1_119' title='bbox 927 2525 951 2562; x_wconf 77' lang='lat' dir='ltr'><strong>a.</strong></span> <span class='ocrx_word' id='word_1_120' title='bbox 970 2510 1008 2561; x_wconf 86' lang='lat' dir='ltr'><strong>St.</strong></span> <span class='ocrx_word' id='word_1_121' title='bbox 1027 2509 1068 2570; x_wconf 75' lang='lat'><strong>22,</strong></span> <span class='ocrx_word' id='word_1_122' title='bbox 1087 2510 1110 2561; x_wconf 83' lang='lat'><strong>2.</strong></span> 
     </span>
    </p>
   </div>
   <div class='ocr_carea' id='block_1_9' title="bbox 276 2637 1680 2924">
    <p class='ocr_par' dir='ltr' id='par_1_12' title="bbox 276 2637 1680 2924">
     <span class='ocr_line' id='line_1_17' title="bbox 358 2637 1680 2727; baseline 0 -23"><span class='ocrx_word' id='word_1_123' title='bbox 358 2639 440 2704; x_wconf 90' lang='lat' dir='ltr'><strong>Item</strong></span> <span class='ocrx_word' id='word_1_124' title='bbox 469 2639 623 2724; x_wconf 86' lang='lat' dir='ltr'><strong>magister</strong></span> <span class='ocrx_word' id='word_1_125' title='bbox 654 2638 824 2727; x_wconf 86' lang='lat' dir='ltr'><strong>disputans</strong></span> <span class='ocrx_word' id='word_1_126' title='bbox 854 2639 1017 2705; x_wconf 89' lang='lat' dir='ltr'><strong>ordinarie</strong></span> <span class='ocrx_word' id='word_1_127' title='bbox 1047 2639 1090 2705; x_wconf 88' lang='lat' dir='ltr'><strong>ad</strong></span> <span class='ocrx_word' id='word_1_128' title='bbox 1118 2640 1294 2705; x_wconf 87' lang='lat' dir='ltr'><strong>maximum</strong></span> <span class='ocrx_word' id='word_1_129' title='bbox 1325 2637 1457 2704; x_wconf 83' lang='lat' dir='ltr'><strong>cuilibet</strong></span> <span class='ocrx_word' id='word_1_130' title='bbox 1482 2638 1680 2726; x_wconf 85' lang='lat' dir='ltr'><strong>respondenti</strong></span> 
     </span>
     <span class='ocr_line' id='line_1_18' title="bbox 276 2738 1680 2826; baseline 0 -23"><span class='ocrx_word' id='word_1_131' title='bbox 276 2738 392 2804; x_wconf 85' lang='lat' dir='ltr'><strong>debeat</strong></span> <span class='ocrx_word' id='word_1_132' title='bbox 418 2759 601 2824; x_wconf 86' lang='lat' dir='ltr'><strong>proponere</strong></span> <span class='ocrx_word' id='word_1_133' title='bbox 626 2747 763 2826; x_wconf 84' lang='lat' dir='ltr'><strong>quatuor</strong></span> <span class='ocrx_word' id='word_1_134' title='bbox 791 2738 927 2804; x_wconf 83' lang='lat' dir='ltr'><strong>articula</strong></span> <span class='ocrx_word' id='word_1_135' title='bbox 953 2748 985 2804; x_wconf 88' lang='lat' dir='ltr'><strong>et</strong></span> <span class='ocrx_word' id='word_1_136' title='bbox 1009 2738 1142 2804; x_wconf 87' lang='lat' dir='ltr'><strong>cuilibet</strong></span> <span class='ocrx_word' id='word_1_137' title='bbox 1166 2761 1264 2803; x_wconf 92' lang='lat' dir='ltr'><strong>unum</strong></span> <span class='ocrx_word' id='word_1_138' title='bbox 1287 2738 1457 2820; x_wconf 83' lang='lat' dir='ltr'><strong>deducere,</strong></span> <span class='ocrx_word' id='word_1_139' title='bbox 1484 2739 1680 2824; x_wconf 73' lang='lat' dir='ltr'><strong>ut‘magistri</strong></span> 
     </span>
     <span class='ocr_line' id='line_1_19' title="bbox 276 2835 944 2924; baseline 0 -21"><span class='ocrx_word' id='word_1_140' title='bbox 276 2847 443 2924; x_wconf 89' lang='lat' dir='ltr'><strong>sequentes</strong></span> <span class='ocrx_word' id='word_1_141' title='bbox 463 2835 569 2901; x_wconf 90' lang='lat' dir='ltr'><strong>locum</strong></span> <span class='ocrx_word' id='word_1_142' title='bbox 588 2836 729 2904; x_wconf 89' lang='lat' dir='ltr'><strong>habeant</strong></span> <span class='ocrx_word' id='word_1_143' title='bbox 748 2837 916 2924; x_wconf 83' lang='lat' dir='ltr'><strong>arguendi.</strong></span> <span class='ocrx_word' id='word_1_144' title='bbox 942 2904 944 2914; x_wconf 76' lang='grc'>,</span> 
     </span>
    </p>
   </div>
   <div class='ocr_carea' id='block_1_10' title="bbox 397 3026 1559 3117">
    <p class='ocr_par' dir='ltr' id='par_1_13' title="bbox 397 3026 1559 3117">
     <span class='ocr_line' id='line_1_20' title="bbox 397 3026 1559 3117; baseline -0.001 -32"><span class='ocrx_word' id='word_1_145' title='bbox 397 3026 447 3089; x_wconf 84' lang='grc'><strong>63.</strong></span> <span class='ocrx_word' id='word_1_146' title='bbox 469 3038 563 3099; x_wconf 81' lang='lat' dir='ltr'><strong>Quor</strong></span> <span class='ocrx_word' id='word_1_147' title='bbox 583 3037 756 3117; x_wconf 72' lang='lat' dir='ltr'><strong>sancum</strong></span> <span class='ocrx_word' id='word_1_148' title='bbox 778 3038 866 3087; x_wconf 75' lang='lat' dir='ltr'><strong>sunu</strong></span> <span class='ocrx_word' id='word_1_149' title='bbox 887 3033 1121 3087; x_wconf 76' lang='lat' dir='ltr'><strong>rsosonsunn</strong></span> <span class='ocrx_word' id='word_1_150' title='bbox 1142 3037 1210 3085; x_wconf 78' lang='lat' dir='ltr'><strong>rso</strong></span> <span class='ocrx_word' id='word_1_151' title='bbox 1229 3036 1330 3086; x_wconf 77' lang='lat' dir='ltr'><strong>amos</strong></span> <span class='ocrx_word' id='word_1_152' title='bbox 1351 3036 1559 3086; x_wconf 76' lang='lat' dir='ltr'><strong>molsraos.</strong></span> 
     </span>
    </p>
   </div>
   <div class='ocr_carea' id='block_1_11' title="bbox 234 3167 1681 3456">
    <p class='ocr_par' dir='ltr' id='par_1_14' title="bbox 234 3167 1681 3456">
     <span class='ocr_line' id='line_1_21' title="bbox 234 3167 1680 3258; baseline -0.002 -21"><span class='ocrx_word' id='word_1_153' title='bbox 234 3183 268 3237; x_wconf 85' lang='lat'><strong>20</strong></span> <span class='ocrx_word' id='word_1_154' title='bbox 357 3170 439 3236; x_wconf 88' lang='lat' dir='ltr'><strong>Item</strong></span> <span class='ocrx_word' id='word_1_155' title='bbox 465 3170 600 3258; x_wconf 89' lang='lat' dir='ltr'><strong>quilibet</strong></span> <span class='ocrx_word' id='word_1_156' title='bbox 620 3171 847 3256; x_wconf 82' lang='lat' dir='ltr'><strong>magistrorum</strong></span> <span class='ocrx_word' id='word_1_157' title='bbox 873 3170 983 3236; x_wconf 88' lang='lat' dir='ltr'><strong>volens</strong></span> <span class='ocrx_word' id='word_1_158' title='bbox 1012 3191 1149 3256; x_wconf 85' lang='lat' dir='ltr'><strong>arguere</strong></span> <span class='ocrx_word' id='word_1_159' title='bbox 1174 3177 1303 3256; x_wconf 85' lang='lat' dir='ltr'><strong>praeter</strong></span> <span class='ocrx_word' id='word_1_160' title='bbox 1329 3167 1488 3234; x_wconf 86' lang='lat' dir='ltr'><strong>decanum</strong></span> <span class='ocrx_word' id='word_1_161' title='bbox 1514 3168 1559 3233; x_wconf 86' lang='lat' dir='ltr'><strong>ad</strong></span> <span class='ocrx_word' id='word_1_162' title='bbox 1586 3169 1680 3234; x_wconf 87' lang='lat' dir='ltr'><strong>maxi·</strong></span> 
     </span>
     <span class='ocr_line' id='line_1_22' title="bbox 274 3265 1681 3358; baseline -0.002 -24"><span class='ocrx_word' id='word_1_163' title='bbox 274 3293 361 3334; x_wconf 90' lang='lat' dir='ltr'><strong>mum</strong></span> <span class='ocrx_word' id='word_1_164' title='bbox 383 3265 467 3356; x_wconf 74' lang='lat'>[62⁸]</span> <span class='ocrx_word' id='word_1_165' title='bbox 489 3280 651 3358; x_wconf 90' lang='lat' dir='ltr'><strong>proponat</strong></span> <span class='ocrx_word' id='word_1_166' title='bbox 677 3271 741 3335; x_wconf 89' lang='lat' dir='ltr'><strong>tria</strong></span> <span class='ocrx_word' id='word_1_167' title='bbox 768 3269 905 3335; x_wconf 80' lang='lat' dir='ltr'><strong>articula</strong></span> <span class='ocrx_word' id='word_1_168' title='bbox 931 3281 963 3335; x_wconf 92' lang='lat' dir='ltr'><strong>et</strong></span> <span class='ocrx_word' id='word_1_169' title='bbox 992 3270 1055 3335; x_wconf 92' lang='lat' dir='ltr'><strong>duo</strong></span> <span class='ocrx_word' id='word_1_170' title='bbox 1083 3267 1236 3351; x_wconf 81' lang='lat' dir='ltr'><strong>deducat3</strong></span> <span class='ocrx_word' id='word_1_171' title='bbox 1264 3267 1403 3333; x_wconf 83' lang='lat' dir='ltr'><strong>decanus</strong></span> <span class='ocrx_word' id='word_1_172' title='bbox 1431 3289 1521 3352; x_wconf 87' lang='lat' dir='ltr'><strong>vero,</strong></span> <span class='ocrx_word' id='word_1_173' title='bbox 1548 3291 1619 3333; x_wconf 92' lang='lat' dir='ltr'><strong>cum</strong></span> <span class='ocrx_word' id='word_1_174' title='bbox 1644 3270 1681 3333; x_wconf 89' lang='lat' dir='ltr'><strong>sit</strong></span> 
     </span>
     <span class='ocr_line' id='line_1_23' title="bbox 275 3365 1534 3456; baseline -0.001 -23"><span class='ocrx_word' id='word_1_175' title='bbox 275 3368 321 3434; x_wconf 93' lang='lat' dir='ltr'><strong>ibi</strong></span> <span class='ocrx_word' id='word_1_176' title='bbox 342 3378 377 3433; x_wconf 92' lang='lat' dir='ltr'><strong>ut</strong></span> <span class='ocrx_word' id='word_1_177' title='bbox 397 3380 494 3455; x_wconf 91' lang='lat' dir='ltr'><strong>caput</strong></span> <span class='ocrx_word' id='word_1_178' title='bbox 515 3368 728 3456; x_wconf 82' lang='lat' dir='ltr'><strong>principalius</strong></span> <span class='ocrx_word' id='word_1_179' title='bbox 736 3371 757 3452; x_wconf 88' lang='lat'><strong>¹,</strong></span> <span class='ocrx_word' id='word_1_180' title='bbox 778 3378 941 3456; x_wconf 88' lang='lat' dir='ltr'><strong>proponat</strong></span> <span class='ocrx_word' id='word_1_181' title='bbox 960 3379 991 3434; x_wconf 92' lang='lat' dir='ltr'><strong>et</strong></span> <span class='ocrx_word' id='word_1_182' title='bbox 1012 3366 1188 3433; x_wconf 88' lang='lat' dir='ltr'><strong>secundum</strong></span> <span class='ocrx_word' id='word_1_183' title='bbox 1209 3365 1363 3453; x_wconf 89' lang='lat' dir='ltr'><strong>placitum</strong></span> <span class='ocrx_word' id='word_1_184' title='bbox 1384 3365 1534 3432; x_wconf 85' lang='lat' dir='ltr'><strong>deducat</strong></span> 
     </span>
    </p>
   </div>
   <div class='ocr_carea' id='block_1_12' title="bbox 482 3557 1484 3617">
    <p class='ocr_par' dir='ltr' id='par_1_15' title="bbox 482 3557 1484 3617">
     <span class='ocr_line' id='line_1_24' title="bbox 482 3557 1484 3617; baseline -0.001 0"><span class='ocrx_word' id='word_1_185' title='bbox 482 3557 532 3617; x_wconf 77' lang='grc'><strong>64.</strong></span> <span class='ocrx_word' id='word_1_186' title='bbox 560 3568 607 3615; x_wconf 85' lang='lat' dir='ltr'><strong>ns</strong></span> <span class='ocrx_word' id='word_1_187' title='bbox 630 3567 724 3617; x_wconf 79' lang='lat' dir='ltr'><strong>sons</strong></span> <span class='ocrx_word' id='word_1_188' title='bbox 744 3567 935 3616; x_wconf 71' lang='lat' dir='ltr'><strong>morcinum</strong></span> <span class='ocrx_word' id='word_1_189' title='bbox 955 3563 1237 3616; x_wconf 76' lang='lat' dir='ltr'><strong>msrursomnnu</strong></span> <span class='ocrx_word' id='word_1_190' title='bbox 1259 3567 1484 3616; x_wconf 79' lang='lat' dir='ltr'><strong>osnmsumn.</strong></span> 
     </span>
    </p>
   </div>
   <div class='ocr_carea' id='block_1_13' title="bbox 235 3699 1681 3984">
    <p class='ocr_par' dir='ltr' id='par_1_16' title="bbox 235 3699 1681 3984">
     <span class='ocr_line' id='line_1_25' title="bbox 358 3699 1681 3788; baseline 0 -24"><span class='ocrx_word' id='word_1_191' title='bbox 358 3699 439 3764; x_wconf 91' lang='lat' dir='ltr'><strong>Item</strong></span> <span class='ocrx_word' id='word_1_192' title='bbox 460 3699 629 3788; x_wconf 86' lang='lat' dir='ltr'><strong>disputans</strong></span> <span class='ocrx_word' id='word_1_193' title='bbox 651 3699 813 3766; x_wconf 88' lang='lat' dir='ltr'><strong>ordinarie</strong></span> <span class='ocrx_word' id='word_1_194' title='bbox 833 3709 959 3765; x_wconf 89' lang='lat' dir='ltr'><strong>tenetur</strong></span> <span class='ocrx_word' id='word_1_195' title='bbox 986 3703 1108 3765; x_wconf 88' lang='lat' dir='ltr'><strong>intrare</strong></span> <span class='ocrx_word' id='word_1_196' title='bbox 1134 3701 1169 3764; x_wconf 92' lang='lat' dir='ltr'><strong>in</strong></span> <span class='ocrx_word' id='word_1_197' title='bbox 1196 3708 1318 3764; x_wconf 85' lang='lat' dir='ltr'><strong>aestate</strong></span> <span class='ocrx_word' id='word_1_198' title='bbox 1344 3701 1431 3764; x_wconf 83' lang='lat' dir='ltr'><strong>circa</strong></span> <span class='ocrx_word' id='word_1_199' title='bbox 1459 3699 1574 3764; x_wconf 91' lang='lat' dir='ltr'><strong>horam</strong></span> <span class='ocrx_word' id='word_1_200' title='bbox 1601 3700 1681 3788; x_wconf 88' lang='lat' dir='ltr'><strong>qoin-</strong></span> 
     </span>
     <span class='ocr_line' id='line_1_26' title="bbox 235 3797 1681 3885; baseline -0.001 -20"><span class='ocrx_word' id='word_1_201' title='bbox 235 3808 353 3881; x_wconf 83' lang='lat' dir='ltr'><strong>25tam,</strong></span> <span class='ocrx_word' id='word_1_202' title='bbox 383 3809 415 3862; x_wconf 93' lang='lat' dir='ltr'><strong>et</strong></span> <span class='ocrx_word' id='word_1_203' title='bbox 441 3800 475 3863; x_wconf 91' lang='lat' dir='ltr'><strong>in</strong></span> <span class='ocrx_word' id='word_1_204' title='bbox 500 3798 615 3884; x_wconf 89' lang='lat' dir='ltr'><strong>hyeme</strong></span> <span class='ocrx_word' id='word_1_205' title='bbox 645 3802 732 3864; x_wconf 89' lang='lat' dir='ltr'><strong>circa</strong></span> <span class='ocrx_word' id='word_1_206' title='bbox 757 3800 869 3864; x_wconf 91' lang='lat' dir='ltr'><strong>horam</strong></span> <span class='ocrx_word' id='word_1_207' title='bbox 896 3809 1037 3883; x_wconf 72' lang='lat' dir='ltr'><strong>sextam,</strong></span> <span class='ocrx_word' id='word_1_208' title='bbox 1068 3807 1100 3863; x_wconf 89' lang='lat' dir='ltr'><strong>et</strong></span> <span class='ocrx_word' id='word_1_209' title='bbox 1127 3820 1255 3864; x_wconf 89' lang='lat' dir='ltr'><strong>cessare</strong></span> <span class='ocrx_word' id='word_1_210' title='bbox 1281 3799 1315 3863; x_wconf 91' lang='lat' dir='ltr'><strong>in</strong></span> <span class='ocrx_word' id='word_1_211' title='bbox 1336 3797 1453 3885; x_wconf 88' lang='lat' dir='ltr'><strong>hyeme</strong></span> <span class='ocrx_word' id='word_1_212' title='bbox 1479 3808 1555 3864; x_wconf 85' lang='lat' dir='ltr'><strong>ante</strong></span> <span class='ocrx_word' id='word_1_213' title='bbox 1578 3798 1681 3864; x_wconf 85' lang='lat' dir='ltr'><strong>horam</strong></span> 
     </span>
     <span class='ocr_line' id='line_1_27' title="bbox 277 3896 1525 3984; baseline -0.002 -20"><span class='ocrx_word' id='word_1_214' title='bbox 277 3909 435 3979; x_wconf 86' lang='lat' dir='ltr'><strong>octavam,</strong></span> <span class='ocrx_word' id='word_1_215' title='bbox 456 3899 488 3963; x_wconf 92' lang='lat' dir='ltr'><strong>in</strong></span> <span class='ocrx_word' id='word_1_216' title='bbox 511 3908 633 3963; x_wconf 89' lang='lat' dir='ltr'><strong>aestate</strong></span> <span class='ocrx_word' id='word_1_217' title='bbox 655 3922 732 3964; x_wconf 91' lang='lat' dir='ltr'><strong>vero</strong></span> <span class='ocrx_word' id='word_1_218' title='bbox 755 3908 829 3963; x_wconf 92' lang='lat' dir='ltr'><strong>ante</strong></span> <span class='ocrx_word' id='word_1_219' title='bbox 848 3899 961 3964; x_wconf 85' lang='lat' dir='ltr'><strong>horam</strong></span> <span class='ocrx_word' id='word_1_220' title='bbox 984 3900 1163 3984; x_wconf 88' lang='lat' dir='ltr'><strong>septimam.</strong></span> <span class='ocrx_word' id='word_1_221' title='bbox 1522 3896 1525 3899; x_wconf 61' lang='grc'>’</span> 
     </span>
    </p>
   </div>
   <div class='ocr_carea' id='block_1_14' title="bbox 297 4086 1665 4246">
    <p class='ocr_par' dir='ltr' id='par_1_17' title="bbox 297 4086 1665 4246">
     <span class='ocr_line' id='line_1_28' title="bbox 297 4086 1665 4172; baseline 0 -24"><span class='ocrx_word' id='word_1_222' title='bbox 297 4086 347 4148; x_wconf 83' lang='lat'><strong>65.</strong></span> <span class='ocrx_word' id='word_1_223' title='bbox 374 4096 470 4158; x_wconf 79' lang='lat' dir='ltr'><strong>quon</strong></span> <span class='ocrx_word' id='word_1_224' title='bbox 490 4097 648 4172; x_wconf 72' lang='lat' dir='ltr'><strong>orciuos</strong></span> <span class='ocrx_word' id='word_1_225' title='bbox 670 4097 832 4146; x_wconf 80' lang='lat' dir='ltr'><strong>rnnnrun</strong></span> <span class='ocrx_word' id='word_1_226' title='bbox 852 4097 1038 4146; x_wconf 78' lang='lat' dir='ltr'><strong>mrrmssn</strong></span> <span class='ocrx_word' id='word_1_227' title='bbox 1061 4095 1305 4145; x_wconf 80' lang='lat' dir='ltr'><strong>msrurscroro</strong></span> <span class='ocrx_word' id='word_1_228' title='bbox 1326 4096 1538 4148; x_wconf 81' lang='lat' dir='ltr'><strong>onnmssms</strong></span> <span class='ocrx_word' id='word_1_229' title='bbox 1559 4101 1604 4148; x_wconf 81' lang='lat' dir='ltr'><strong>nr</strong></span> <span class='ocrx_word' id='word_1_230' title='bbox 1623 4100 1665 4147; x_wconf 88' lang='lat' dir='ltr'><strong>os</strong></span> 
     </span>
     <span class='ocr_line' id='line_1_29' title="bbox 773 4195 1189 4246; baseline -0.002 -2"><span class='ocrx_word' id='word_1_231' title='bbox 773 4197 887 4246; x_wconf 77' lang='lat' dir='ltr'><strong>rosus</strong></span> <span class='ocrx_word' id='word_1_232' title='bbox 906 4196 979 4246; x_wconf 81' lang='lat' dir='ltr'><strong>uon</strong></span> <span class='ocrx_word' id='word_1_233' title='bbox 998 4195 1189 4246; x_wconf 74' lang='lat' dir='ltr'><strong>mnasonis.</strong></span> 
     </span>
    </p>
   </div>
   <div class='ocr_carea' id='block_1_15' title="bbox 237 4329 1679 4912">
    <p class='ocr_par' dir='ltr' id='par_1_18' title="bbox 237 4329 1679 4912">
     <span class='ocr_line' id='line_1_30' title="bbox 359 4329 1679 4419; baseline 0 -24"><span class='ocrx_word' id='word_1_234' title='bbox 359 4329 441 4395; x_wconf 91' lang='lat' dir='ltr'><strong>Item</strong></span> <span class='ocrx_word' id='word_1_235' title='bbox 462 4329 603 4395; x_wconf 87' lang='lat' dir='ltr'><strong>decanus</strong></span> <span class='ocrx_word' id='word_1_236' title='bbox 624 4352 685 4417; x_wconf 91' lang='lat' dir='ltr'><strong>pro</strong></span> <span class='ocrx_word' id='word_1_237' title='bbox 705 4339 849 4416; x_wconf 88' lang='lat' dir='ltr'><strong>tempore</strong></span> <span class='ocrx_word' id='word_1_238' title='bbox 871 4331 1015 4394; x_wconf 87' lang='lat' dir='ltr'><strong>existens</strong></span> <span class='ocrx_word' id='word_1_239' title='bbox 1036 4337 1163 4394; x_wconf 87' lang='lat' dir='ltr'><strong>tenetur</strong></span> <span class='ocrx_word' id='word_1_240' title='bbox 1183 4330 1339 4393; x_wconf 89' lang='lat' dir='ltr'><strong>interesse</strong></span> <span class='ocrx_word' id='word_1_241' title='bbox 1359 4329 1394 4393; x_wconf 88' lang='lat' dir='ltr'><strong>in</strong></span> <span class='ocrx_word' id='word_1_242' title='bbox 1415 4329 1562 4414; x_wconf 84' lang='lat' dir='ltr'><strong>qualibet</strong></span> <span class='ocrx_word' id='word_1_243' title='bbox 1581 4331 1679 4419; x_wconf 88' lang='lat' dir='ltr'><strong>dispu-</strong></span> 
     </span>
     <span class='ocr_line' id='line_1_31' title="bbox 237 4426 1678 4517; baseline 0.001 -22"><span class='ocrx_word' id='word_1_244' title='bbox 237 4430 407 4495; x_wconf 82' lang='lat' dir='ltr'><strong>30tacione</strong></span> <span class='ocrx_word' id='word_1_245' title='bbox 429 4427 594 4493; x_wconf 85' lang='lat' dir='ltr'><strong>ordinaria</strong></span> <span class='ocrx_word' id='word_1_246' title='bbox 615 4439 647 4493; x_wconf 92' lang='lat' dir='ltr'><strong>et</strong></span> <span class='ocrx_word' id='word_1_247' title='bbox 667 4451 812 4515; x_wconf 86' lang='lat' dir='ltr'><strong>arguere,</strong></span> <span class='ocrx_word' id='word_1_248' title='bbox 841 4429 980 4515; x_wconf 90' lang='lat' dir='ltr'><strong>demptis</strong></span> <span class='ocrx_word' id='word_1_249' title='bbox 1009 4436 1116 4492; x_wconf 85' lang='lat' dir='ltr'><strong>tamen</strong></span> <span class='ocrx_word' id='word_1_250' title='bbox 1143 4426 1419 4514; x_wconf 87' lang='lat' dir='ltr'><strong>disputacionibus</strong></span> <span class='ocrx_word' id='word_1_251' title='bbox 1445 4437 1591 4517; x_wconf 83' lang='lat' dir='ltr'><strong>tempore</strong></span> <span class='ocrx_word' id='word_1_252' title='bbox 1614 4453 1678 4496; x_wconf 81' lang='lat' dir='ltr'><strong>extr</strong></span> 
     </span>
     <span class='ocr_line' id='line_1_32' title="bbox 278 4525 1677 4616; baseline -0.001 -23"><span class='ocrx_word' id='word_1_253' title='bbox 278 4530 383 4610; x_wconf 91' lang='lat' dir='ltr'><strong>minis,</strong></span> <span class='ocrx_word' id='word_1_254' title='bbox 410 4526 469 4591; x_wconf 92' lang='lat' dir='ltr'><strong>sub</strong></span> <span class='ocrx_word' id='word_1_255' title='bbox 491 4549 597 4614; x_wconf 89' lang='lat' dir='ltr'><strong>poena</strong></span> <span class='ocrx_word' id='word_1_256' title='bbox 618 4536 754 4612; x_wconf 90' lang='lat' dir='ltr'><strong>quatuor</strong></span> <span class='ocrx_word' id='word_1_257' title='bbox 775 4549 971 4612; x_wconf 90' lang='lat' dir='ltr'><strong>grossorum,</strong></span> <span class='ocrx_word' id='word_1_258' title='bbox 987 4548 1079 4613; x_wconf 60' lang='lat' dir='ltr'><strong>,quos</strong></span> <span class='ocrx_word' id='word_1_259' title='bbox 1101 4527 1204 4592; x_wconf 88' lang='lat' dir='ltr'><strong>solvet</strong></span> <span class='ocrx_word' id='word_1_260' title='bbox 1225 4525 1371 4591; x_wconf 88' lang='lat' dir='ltr'><strong>facultati</strong></span> <span class='ocrx_word' id='word_1_261' title='bbox 1393 4527 1518 4593; x_wconf 91' lang='lat' dir='ltr'><strong>tociens</strong></span> <span class='ocrx_word' id='word_1_262' title='bbox 1541 4531 1677 4616; x_wconf 87' lang='lat' dir='ltr'><strong>quociens</strong></span> 
     </span>
     <span class='ocr_line' id='line_1_33' title="bbox 279 4625 1677 4710; baseline 0.001 -19"><span class='ocrx_word' id='word_1_263' title='bbox 279 4627 395 4693; x_wconf 88' lang='lat' dir='ltr'><strong>absens</strong></span> <span class='ocrx_word' id='word_1_264' title='bbox 416 4627 523 4710; x_wconf 86' lang='lat' dir='ltr'><strong>fuerit,</strong></span> <span class='ocrx_word' id='word_1_265' title='bbox 551 4625 611 4691; x_wconf 87' lang='lat' dir='ltr'><strong>sub</strong></span> <span class='ocrx_word' id='word_1_266' title='bbox 635 4649 693 4691; x_wconf 89' lang='lat' dir='ltr'><strong>suo</strong></span> <span class='ocrx_word' id='word_1_267' title='bbox 713 4628 903 4708; x_wconf 92' lang='lat' dir='ltr'><strong>iuramento,</strong></span> <span class='ocrx_word' id='word_1_268' title='bbox 923 4626 986 4690; x_wconf 87' lang='lat' dir='ltr'><strong>nisi</strong></span> <span class='ocrx_word' id='word_1_269' title='bbox 1006 4647 1050 4689; x_wconf 86' lang='lat' dir='ltr'><strong>ex</strong></span> <span class='ocrx_word' id='word_1_270' title='bbox 1070 4627 1254 4691; x_wconf 84' lang='lat' dir='ltr'><strong>necessaria</strong></span> <span class='ocrx_word' id='word_1_271' title='bbox 1274 4647 1466 4691; x_wconf 84' lang='lat' dir='ltr'><strong>causacum</strong></span> <span class='ocrx_word' id='word_1_272' title='bbox 1485 4649 1558 4693; x_wconf 86' lang='lat' dir='ltr'><strong>esse</strong></span> <span class='ocrx_word' id='word_1_273' title='bbox 1577 4627 1677 4694; x_wconf 78' lang='lat' dir='ltr'><strong>absen-</strong></span> 
     </span>
     <span class='ocr_line' id='line_1_34' title="bbox 279 4725 1676 4813; baseline 0 -23"><span class='ocrx_word' id='word_1_274' title='bbox 279 4737 344 4791; x_wconf 92' lang='lat' dir='ltr'><strong>tem</strong></span> <span class='ocrx_word' id='word_1_275' title='bbox 364 4735 537 4813; x_wconf 87' lang='lat' dir='ltr'><strong>oporteret,</strong></span> <span class='ocrx_word' id='word_1_276' title='bbox 565 4725 605 4790; x_wconf 92' lang='lat' dir='ltr'><strong>de</strong></span> <span class='ocrx_word' id='word_1_277' title='bbox 633 4748 697 4811; x_wconf 90' lang='lat' dir='ltr'><strong>qua</strong></span> <span class='ocrx_word' id='word_1_278' title='bbox 722 4748 820 4791; x_wconf 89' lang='lat' dir='ltr'><strong>causa</strong></span> <span class='ocrx_word' id='word_1_279' title='bbox 849 4748 925 4790; x_wconf 90' lang='lat' dir='ltr'><strong>suus</strong></span> <span class='ocrx_word' id='word_1_280' title='bbox 951 4746 1116 4791; x_wconf 90' lang='lat' dir='ltr'><strong>successor</strong></span> <span class='ocrx_word' id='word_1_281' title='bbox 1142 4734 1174 4790; x_wconf 89' lang='lat' dir='ltr'><strong>et</strong></span> <span class='ocrx_word' id='word_1_282' title='bbox 1200 4734 1438 4811; x_wconf 88' lang='lat' dir='ltr'><strong>computatores</strong></span> <span class='ocrx_word' id='word_1_283' title='bbox 1459 4725 1530 4792; x_wconf 90' lang='lat' dir='ltr'><strong>eius</strong></span> <span class='ocrx_word' id='word_1_284' title='bbox 1554 4728 1588 4791; x_wconf 91' lang='lat' dir='ltr'><strong>in</strong></span> <span class='ocrx_word' id='word_1_285' title='bbox 1607 4747 1676 4791; x_wconf 88' lang='lat' dir='ltr'><strong>com·</strong></span> 
     </span>
     <span class='ocr_line' id='line_1_35' title="bbox 279 4824 718 4912; baseline -0.002 -23"><span class='ocrx_word' id='word_1_286' title='bbox 279 4835 357 4912; x_wconf 93' lang='lat' dir='ltr'><strong>puto</strong></span> <span class='ocrx_word' id='word_1_287' title='bbox 380 4846 572 4911; x_wconf 83' lang='lat' dir='ltr'><strong>cognoscere</strong></span> <span class='ocrx_word' id='word_1_288' title='bbox 593 4824 718 4890; x_wconf 85' lang='lat' dir='ltr'><strong>debent</strong></span> 
     </span>
    </p>
   </div>
   <div class='ocr_carea' id='block_1_16' title="bbox 361 5111 1548 5193">
    <p class='ocr_par' dir='ltr' id='par_1_19' title="bbox 361 5111 1548 5193">
     <span class='ocr_line' id='line_1_36' title="bbox 361 5111 1548 5193; baseline 0.004 -18"><span class='ocrx_word' id='word_1_289' title='bbox 361 5129 369 5175; x_wconf 84' lang='lat' dir='ltr'><strong>t</strong></span> <span class='ocrx_word' id='word_1_290' title='bbox 393 5123 436 5175; x_wconf 67' lang='lat' dir='ltr'><strong>sa</strong></span> <span class='ocrx_word' id='word_1_291' title='bbox 453 5121 526 5177; x_wconf 69' lang='lat' dir='ltr'><strong>nen</strong></span> <span class='ocrx_word' id='word_1_292' title='bbox 542 5121 594 5176; x_wconf 70' lang='lat' dir='ltr'><strong>suf</strong></span> <span class='ocrx_word' id='word_1_293' title='bbox 608 5121 706 5176; x_wconf 65' lang='lat' dir='ltr'><strong>nasus.</strong></span> <span class='ocrx_word' id='word_1_294' title='bbox 736 5122 795 5176; x_wconf 69' lang='lat' dir='ltr'><strong>oss</strong></span> <span class='ocrx_word' id='word_1_295' title='bbox 812 5121 894 5177; x_wconf 70' lang='lat' dir='ltr'><strong>uos</strong></span> <span class='ocrx_word' id='word_1_296' title='bbox 912 5120 1012 5192; x_wconf 73' lang='lat' dir='ltr'><strong>gesse</strong></span> <span class='ocrx_word' id='word_1_297' title='bbox 1027 5138 1062 5175; x_wconf 71' lang='lat' dir='ltr'><strong>zu</strong></span> <span class='ocrx_word' id='word_1_298' title='bbox 1080 5125 1163 5191; x_wconf 67' lang='lat' dir='ltr'><strong>sapa</strong></span> <span class='ocrx_word' id='word_1_299' title='bbox 1180 5119 1236 5174; x_wconf 79' lang='lat' dir='ltr'><strong>uno</strong></span> <span class='ocrx_word' id='word_1_300' title='bbox 1255 5119 1332 5176; x_wconf 75' lang='lat' dir='ltr'><strong>not</strong></span> <span class='ocrx_word' id='word_1_301' title='bbox 1348 5136 1384 5176; x_wconf 70' lang='lat' dir='ltr'><strong>zu</strong></span> <span class='ocrx_word' id='word_1_302' title='bbox 1398 5111 1548 5193; x_wconf 58' lang='lat' dir='ltr'><strong>praem</strong></span> 
     </span>
    </p>
   </div>
   <div class='ocr_carea' id='block_1_17' title="bbox 0 0 1892 6148">
    <p class='ocr_par' dir='ltr' id='par_1_20' title="bbox 0 0 1892 6148">
     <span class='ocr_line' id='line_1_37' title="bbox 0 0 1892 6148; baseline 0 0"><span class='ocrx_word' id='word_1_303' title='bbox 0 0 1892 6148; x_wconf 95' lang='lat' dir='ltr'><strong> </strong></span> 
     </span>
    </p>
   </div>
  </div>
 </body>
</html>
