3756 6158
244 436 304 528 388
747 459 797 511 Die
814 457 1031 525 pbilosophische
1044 460 1171 542 Facultit.

247 643 405 729 positione
431 663 490 727 pro
513 641 660 706 omnibus
687 665 789 730 usque
811 642 853 707 ad
879 643 976 706 finem
996 642 1166 729 completa,
1195 641 1253 705 fiat
1280 642 1471 706 scrutinium
1496 641 1661 705 mitrarum

245 745 280 806 in
301 742 490 828 praesencia
518 740 633 804 decani
661 751 693 804 et
721 743 977 807 examinatorum
999 743 1150 823 omnium,
1178 739 1360 806 inchoando
1386 763 1407 805 a
1433 741 1606 827 principio,
1633 751 1663 804 et

245 842 273 905 si
294 841 358 904 tria
378 841 451 926 pisa
473 841 508 903 in
530 843 627 904 mitra
648 840 783 905 alicuius
804 839 1017 927 promovendi
1039 841 1081 904 ad
1102 843 1207 904 minus
1229 841 1360 904 inventa
1381 840 1517 921 fuerint,
1548 842 1590 903 sit
1610 839 1662 902 ad-

244 941 379 1023 missus3
403 939 431 1002 si
453 947 560 1002 autem
581 938 682 1026 lapilli
704 949 770 1004 tres
791 939 834 1003 ad
854 941 961 1004 minus
979 938 1026 1003 ibi
1038 941 1160 1004 inventi
1174 939 1301 1020 fuerint,
1318 939 1367 1004 sit
1386 940 1527 1003 reiectus
1544 938 1664 1024 absque

202 1050 218 1103 5
246 1037 356 1126 aliqua
375 1037 521 1103 ulteriori
541 1039 648 1104 vocali
669 1039 862 1104 inductione.
901 1039 945 1103 Et
966 1038 1071 1102 nullus
1090 1039 1319 1124 magistrorum
1340 1037 1400 1102 sub
1423 1059 1482 1103 sua
1503 1040 1664 1103 conscien-

246 1139 306 1220 cia,
335 1137 414 1225 quid
435 1138 633 1224 imposuerit,
661 1139 758 1204 debet
779 1139 875 1203 alicui
898 1138 1053 1202 revelare.
1092 1137 1137 1201 Et
1157 1139 1184 1200 si
1204 1135 1320 1224 aliquis
1342 1139 1604 1202 examinatorum
1625 1136 1663 1202 ob

245 1236 280 1300 id
301 1235 526 1301 molestaretur
553 1248 611 1303 aut
630 1241 846 1326 impeteretur,
874 1246 1000 1302 tenetur
1020 1235 1159 1300 facultas
1179 1235 1236 1319 illi,
1265 1237 1389 1323 qui'sic
1411 1237 1580 1322 impetitur
1600 1237 1664 1300 sive

243 1333 443 1418 molestatur,
472 1335 602 1401 realiter
624 1362 696 1403 cum
724 1338 838 1402 effectu
860 1338 1014 1402 assistere
1032 1346 1079 1418 et,
1108 1337 1135 1399 si
1158 1358 1240 1423 opus
1265 1336 1376 1418 fuerit,
1405 1336 1512 1418 eciam
1533 1334 1594 1400 sub
1613 1357 1663 1399 ex·

244 1436 355 1520 pensis
374 1435 539 1511 facultatis
560 1438 707 1526 eundem,
729 1438 832 1502 eciam
854 1459 875 1501 a
895 1434 1147 1522 quibuscunque,
1168 1436 1245 1500 totis
1266 1433 1392 1499 viribus
1414 1433 1598 1499 defensare.

199 1626 236 1681 ἰο
610 1626 640 1689 8.
661 1637 709 1684 na
730 1633 833 1686 verus
853 1636 1051 1686 ruue1r1v1s
1072 1636 1143 1685 rou
1164 1635 1302 1683 narum.

234 1840 238 1847 ¹
326 1756 418 1851 Item,
446 1777 482 1832 ut
508 1789 600 1833 amor
620 1777 653 1833 et
679 1768 853 1833 concordia
873 1770 1104 1855 magistrorum
1126 1756 1166 1832 de
1187 1765 1322 1831 consilio
1343 1765 1512 1831 facultatis
1532 1764 1663 1831 firmiter

246 1864 444 1949 observetur,
473 1865 596 1953 placuit
616 1866 764 1954 amplius,
792 1867 878 1955 quod
899 1867 940 1932 de
962 1876 1069 1932 cetero
1089 1865 1196 1951 nullus
1216 1869 1448 1952 magistrorum
1473 1864 1515 1930 de
1532 1864 1663 1931 consilio

244 1964 407 2030 facultatis
427 1967 463 2029 in
484 1988 541 2030 suo
562 1975 639 2031 voto
661 1975 763 2053 ponat
783 1965 914 2054 aliquod
935 1958 1072 2031 verbum
1093 1967 1297 2053 pungitivum
1317 1975 1373 2030 aut
1392 1964 1663 2032 mordificativum

245 2063 378 2130 alterius
399 2062 451 2129 vel
477 2063 597 2150 allegat
626 2061 850 2129 similitudines
871 2066 1114 2151 impertinentes
1135 2073 1168 2128 et
1193 2063 1418 2130 mordicantes.
1450 2063 1498 2130 ‘Si
1519 2066 1593 2152 quis
1613 2087 1661 2130 au·

205 2173 237 2228 15
245 2173 311 2228 tem
337 2161 459 2250 aliquid
480 2162 592 2227 talium
614 2163 741 2247 fecerit,
767 2173 885 2229 extunc
912 2163 1044 2229 mandet
1065 2163 1127 2228 sibi
1149 2162 1301 2245 decanus,
1327 2172 1363 2228 ut
1389 2160 1469 2227 talia
1494 2163 1591 2229 sileat
1609 2162 1661 2228 sub

246 2285 353 2349 poena
382 2263 601 2349 suspensionis
627 2262 669 2328 ab
697 2263 823 2328 actibus
850 2262 1039 2329 scolasticis.
1080 2262 1145 2343 Qui
1176 2264 1203 2326 si
1230 2284 1293 2326 non
1321 2261 1519 2346 obediverit,
1552 2273 1662 2328 extunc

246 2371 343 2448 capta
363 2361 748 2447 oportunitatedecanus
774 2371 929 2428 convocet
956 2361 1037 2426 alios
1064 2362 1238 2446 magistros
1265 2360 1306 2424 de
1332 2360 1466 2427 consilio
1495 2362 1660 2444 facultatis,

245 2462 318 2548 ipso
340 2470 491 2526 tuntaxat
512 2459 654 2544 excluso,
682 2460 738 2548 qui
758 2462 850 2527 iuxta
877 2459 988 2526 delicti
1010 2461 1221 2548 quantitatem
1242 2460 1364 2526 dictent
1384 2469 1514 2548 tempus
1538 2484 1660 2549 suspen·

245 2561 345 2626 sionis
367 2559 513 2626 eiusdem
533 2559 596 2626 sibi
615 2559 650 2624 in
668 2581 813 2646 poenam

204 2749 238 2806 20
522 2747 550 2809 9.
572 2761 619 2808 DE
641 2760 915 2811 DISPENSATIONE
937 2760 973 2808 nt
993 2748 1158 2808 'TEMPORE
1177 2760 1223 2808 ET
1244 2762 1389 2810 AETATE.

327 2893 409 2959 Item
436 2891 524 2958 nullo
553 2891 648 2958 modo
679 2892 737 2958 fiat
767 2892 972 2980 dispensacio
1002 2915 1062 2980 per
1089 2892 1277 2958 facultatem
1305 2898 1377 2958 cuni
1405 2892 1515 2979 aliquo
1543 2916 1658 2981 prono

244 2992 350 3057 vendo
372 2993 435 3057 nisi
457 2991 500 3083 ad
521 2990 667 3079 quartale
689 2993 785 3057 unius
808 2993 899 3075 anni3
929 3003 961 3057 et
980 2992 1064 3075 talis,
1090 2993 1145 3079 qui
1165 2993 1247 3078 petit
1266 2991 1553 3079 dispensationem,
1574 2991 1660 3059 debet

246 3090 366 3156 habere
387 3107 487 3157 unum
513 3091 705 3176 magistrum
725 3092 759 3155 in
779 3090 942 3174 facultate,
970 3093 1024 3179 qui
1050 3090 1129 3154 dicit
1155 3092 1189 3154 in
1214 3093 1417 3156 consciencia
1438 3115 1499 3157 sua
1520 3091 1659 3158 omnibus

248 3190 462 3274 audientibus,
490 3189 576 3277 quod
599 3189 703 3255 eredit
724 3189 814 3255 illum
835 3190 946 3259 valere
967 3190 1010 3254 ad
1030 3189 1120 3255 illum
1147 3188 1295 3274 gradum,
1323 3212 1418 3276 quem
1438 3214 1500 3278 pro
1520 3190 1578 3257 illa
1594 3193 1658 3256 vice

206 3289 387 3354 ttintendit
418 3291 578 3375 consequi.
618 3290 664 3354 Et
695 3291 723 3354 si
754 3291 835 3376 petit
861 3289 1135 3377 dispensationem
1165 3286 1261 3375 super
1288 3290 1396 3377 aliquo
1425 3294 1596 3376 exercitio,
1625 3292 1659 3355 sit

236 3388 468 3477 quodcunque,
490 3388 594 3454 solvat
613 3411 673 3475 pro
695 3387 750 3453 illo
771 3387 917 3453 facultati
938 3388 1086 3453 adminus
1108 3411 1207 3453 unum
1227 3387 1402 3474 florenum3
1429 3393 1554 3457 sivero
1574 3391 1659 3456 fuerit

247 3485 351 3572 lectio,
373 3487 478 3554 solvat
497 3486 644 3553 facultati
666 3497 794 3574 pastum
816 3486 950 3574 duplum
972 3488 1064 3552 istius
1086 3487 1240 3554 lectionis.

344 3677 390 3737 ιθ.
413 3667 474 3757 [Bl.
496 3667 547 3758 τι]
572 3689 619 3736 nn
641 3686 915 3736 nrsrnusurmrn
938 3687 1047 3736 surus
1068 3689 1140 3737 ror
1160 3688 1406 3738 cournsmorn
1424 3691 1571 3740 vsunum.

329 3821 410 3884 Item
433 3820 568 3909 quilibet
587 3830 700 3908 petens
723 3818 1005 3905 dispensacionem>
1022 3844 1119 3908 super
1140 3843 1205 3887 non
1227 3820 1438 3907 completione
1459 3825 1510 3887 sui
1539 3822 1659 3903 biennii,

208 3929 243 3985 ³0
255 3920 283 3984 si
302 3918 425 3984 nullum
448 3943 566 3984 annum
590 3919 771 4006 complevit,
794 3917 885 3982 dabit
905 3941 1003 3984 unum
1024 3919 1197 4003 florenum3
1226 3922 1352 3985 sivero
1375 3944 1475 3985 unum
1497 3921 1659 4010 complevit

248 4042 377 4101 aunum,
405 4018 574 4083 dimidium
597 4018 700 4085 solvet
726 4017 900 4100 florenum3
925 4021 1050 4084 sivero
1072 4021 1153 4085 citra
1171 4030 1227 4084 aut
1247 4019 1333 4084 infra
1352 4042 1475 4085 annum
1497 4021 1659 4108 complevit

247 4128 304 4184 aut
324 4120 453 4184 omnino
475 4128 601 4206 pauper
626 4120 738 4200 fuerit,
766 4128 843 4181 tunc
868 4120 1016 4203 magistri
1044 4118 1084 4184 de
1113 4118 1257 4202 consilio,
1283 4120 1430 4205 pensatis
1460 4121 1658 4186 circumstan-

247 4219 308 4283 ciis
335 4239 453 4283 causae
482 4227 515 4282 et
541 4222 763 4305 personarum,
790 4217 936 4303 recipere
961 4228 1106 4305 possunt,
1135 4217 1310 4283 secundum
1331 4217 1418 4304 quod
1438 4220 1486 4284 eis
1508 4218 1658 4285 videbitur

248 4316 411 4404 expedire.

205 4532 289 4598 35V.
311 4532 473 4597 Statuta
496 4533 605 4598 alios
624 4536 846 4621 magistros
868 4536 1116 4620 generaliter
1137 4538 1448 4618 concernencia,
1468 4556 1569 4622 quae
1587 4535 1654 4623 legi

440 4631 597 4699 debent
617 4658 690 4722 per
712 4632 909 4699 decanum
932 4636 973 4699 in
994 4637 1238 4722 receptione
1260 4634 1475 4700 ordinarii.

332 4823 360 4882 1.
381 4814 523 4897 Placuit,
552 4817 639 4904 quod
666 4820 700 4882 in
723 4826 819 4882 antea
846 4815 981 4904 quilibet
1002 4817 1142 4883 decanus
1173 4841 1232 4906 pro
1253 4827 1400 4905 tempore
1427 4818 1569 4884 existens
1588 4829 1652 4884 ten·

249 4937 328 5002 pore
357 4917 559 5003 recepciouis
590 4917 747 4982 ordinarii
779 4927 845 4980 tam
876 4917 1056 4982 aestivalis:
1094 4918 1244 4982 videlicet
1276 4940 1376 5004 supra
1410 4916 1489 4983 folio
1522 4917 1651 4983 secundo.

249 5011 294 5099 (ι.
314 5017 332 5078 r.
356 5015 403 5078 ιιι.
426 5018 474 5098 ιι,
495 5015 525 5079 ιι
547 5019 566 5096 a
591 5014 652 5103 ιι.)
