3756 6158
403 440 441 504 18
871 442 923 490 Dia
941 440 1121 490 Reformation
1143 445 1204 489 soin
1223 441 1305 490 Jahre
1327 444 1396 490 1496.

402 618 634 703 exhibeantur,
662 622 803 686 maiores
825 622 923 684 etiam
943 643 982 685 ac
1002 622 1146 686 seniores
1173 620 1318 685 eiusdem
1345 619 1568 684 universitatis
1596 641 1617 682 a
1642 616 1824 683 iunioribus

401 731 432 783 et
453 720 633 786 minoribns
656 720 819 806 condigna
839 722 1048 785 veneratione
1070 719 1283 801 honorentur,
1313 728 1344 783 et
1376 716 1462 804 quod
1493 718 1642 803 magistri
1670 716 1824 805 deinceps

401 827 433 881 et
454 819 489 882 in
509 819 652 885 futurum
673 842 738 884 non
760 821 825 883 sint
846 819 941 905 proni
962 829 994 883 et
1012 818 1125 883 faciles
1153 818 1196 883 ad
1224 817 1366 882 dandum
1393 829 1471 883 vota
1496 819 1685 904 pungitiva,
1714 826 1824 881 contu·

404 916 558 1002 maliosa,
579 919 737 983 iniuriosa
758 928 814 983 aut
835 919 991 984 conviciis
1014 919 1178 1004 permixta
1201 919 1234 980 in
1262 917 1411 982 omnibns
1444 927 1475 982 et
1503 916 1640 1004 singulis
1665 937 1823 981 convoca·

374 1016 548 1081 trionibus
572 1018 808 1099 universitatis,
831 1017 957 1082 consilii
977 1016 1030 1081 vel
1052 1018 1243 1098 nacionum,
1273 1026 1305 1080 et
1325 1017 1467 1080 maxime
1496 1016 1529 1078 in
1558 1017 1707 1102 scriptis,
1737 1017 1771 1078 in
1792 1024 1825 1079 et

401 1125 514 1180 contra
536 1118 680 1202 insignes
702 1139 860 1202 personas
892 1117 1048 1198 rectoris,
1079 1115 1250 1181 doctorum
1270 1114 1322 1179 vel
1348 1114 1596 1199 magistrorum,
1624 1114 1684 1179 sub
1712 1114 1824 1179 decem

400 1212 598 1279 florenorum
623 1236 742 1301 poena,
772 1216 977 1280 universitati
1005 1214 1273 1279 irremissibiliter
1306 1211 1602 1300 persolvendorum.
1652 1212 1688 1277 Si
1716 1221 1823 1277 autern

401 1311 533 1396 aliquod
555 1315 796 1400 suppositorum
812 1315 1034 1379 universitatis
1048 1324 1207 1378 rectorem
1220 1315 1313 1378 iuxta
1327 1313 1517 1398 praestitum
1531 1312 1748 1376 iuramentum
1760 1334 1825 1376 non

401 1409 567 1494 decenter,
590 1411 677 1496 quod
700 1410 802 1494 absit,
824 1411 1033 1478 honoraverit
1053 1412 1106 1477 vel
1128 1412 1225 1476 alicui
1248 1411 1417 1476 doctorum
1446 1411 1640 1496 condignum
1667 1409 1824 1475 honorem

361 1520 466 1575 tonan
486 1510 696 1596 impenderit,
716 1512 868 1597 inbmiam
886 1513 1083 1598 irrogaverit
1104 1521 1160 1575 aut
1181 1513 1357 1576 convitium
1386 1509 1518 1596 aliquod
1539 1508 1757 1575 inverecunde
1778 1507 1824 1572 di·

399 1609 485 1672 xerit
505 1609 557 1673 vel
579 1611 677 1674 etiam
700 1612 871 1698 supposita
893 1610 936 1675 ad
960 1609 1186 1692 rebellionem,
1215 1610 1469 1676 inobedientiam
1498 1609 1550 1673 vel
1578 1609 1824 1673 irreverentiam

399 1707 576 1790 induxerit,
597 1708 677 1773 illud
699 1710 785 1774 ultra
806 1711 941 1796 periurii
962 1719 1087 1774 reatum
1109 1711 1143 1773 in
1164 1711 1281 1795 viginti
1303 1709 1435 1774 florenis
1457 1708 1648 1774 renensibus
1673 1730 1732 1794 per
1754 1707 1823 1770 uni·

398 1808 587 1871 versitatem
611 1810 773 1894 puniatur,
796 1831 879 1894 quae
899 1830 1006 1894 poena
1016 1808 1095 1873 fiseo
1111 1810 1333 1873 universitatis
1347 1807 1539 1895 applicetur.
1565 1807 1702 1895 ,Sivero
1718 1815 1824 1870 rector

398 1906 657 1991 universitasque
678 1909 712 1970 in
733 1906 853 1971 talibus
875 1917 907 1970 et
928 1906 1000 1971 aliis
1029 1909 1143 1993 poenis
1173 1907 1404 1994 extorquendis
1432 1907 1601 1993 negligens
1631 1906 1746 1987 fuerit,
1769 1927 1824 1969 ex·

359 2013 475 2068 istunc
502 2002 596 2068 nobis
624 2014 657 2069 et
685 2005 926 2070 successoribus
953 2008 1073 2071 nostris
1105 2009 1329 2072 auctoritatem
1359 2005 1542 2071 huiusmodi
1571 2027 1693 2093 poenas
1716 2014 1823 2070 extor-

398 2102 519 2188 quendi
539 2103 573 2166 in
594 2103 743 2168 omnibus
764 2105 927 2169 reservari
948 2104 1105 2188 volumus,
1130 2114 1165 2170 ut
1186 2108 1235 2171 sic
1258 2129 1364 2193 poena
1380 2107 1474 2170 unius
1497 2107 1539 2170 sit
1554 2116 1658 2170 metus
1675 2103 1823 2169 aliorum.

816 2274 845 2334 2.
867 2287 913 2334 uu
936 2288 1108 2336 nucroms
1130 2288 1403 2337 1ua1sn1cr1ons.

480 2397 648 2481 Volumus,
669 2400 755 2485 quod
776 2410 882 2465 rector
901 2402 1125 2466 universitatis
1147 2401 1268 2467 habere
1292 2401 1409 2467 debeat
1422 2401 1603 2488 plenariam
1625 2399 1820 2468 iurisdictio·

396 2522 470 2563 nem
492 2498 611 2563 nedum
631 2500 665 2562 in
686 2500 794 2563 omnia
815 2503 984 2586 supposita
1005 2503 1235 2565 verumetiam
1258 2503 1292 2565 in
1319 2524 1430 2566 omnes
1457 2500 1627 2565 facidtates
1655 2502 1822 2566 naciones·

356 2605 461 2683 toque
479 2598 711 2662 universitatis.
754 2596 789 2662 Si
811 2608 920 2663 tamen
940 2622 982 2662 ex
1001 2598 1193 2664 racionabili
1216 2610 1248 2664 et
1263 2600 1422 2685 legittima
1434 2623 1534 2664 causa
1555 2598 1653 2664 alicui
1674 2597 1823 2664 facultati

396 2695 449 2760 vel
475 2697 598 2760 nationi
619 2695 742 2782 aliquid
763 2699 932 2783 iniungere
952 2698 1107 2781 voluerit,
1133 2698 1195 2765 boc
1216 2701 1323 2786 ipsum
1346 2722 1418 2764 cum
1441 2699 1577 2764 oonsilio
1609 2709 1641 2763 et
1663 2720 1824 2763 consensu

398 2796 540 2860 omnium
566 2794 804 2860 sallariatorum
826 2807 882 2861 aut
903 2798 1036 2862 maioris
1058 2799 1161 2885 partis
1183 2797 1358 2863 eorundem
1381 2798 1490 2862 faciat.

840 2966 870 3027 3.
898 2979 945 3026 nu
968 2979 1087 3027 mmor
1109 2980 1383 3028 umvussmams.

483 3090 680 3156 Ordinamus
702 3091 836 3173 deinde,
859 3091 945 3177 quod
967 3092 1089 3157 nullmn
1111 3097 1331 3180 suppositum,
1362 3091 1500 3156 facultas
1530 3102 1586 3156 aut
1610 3088 1700 3157 natio
1728 3093 1821 3157 iuris-

360 3191 576 3257 25dictioncm
597 3192 733 3256 rectoris
745 3190 910 3255 declinare
930 3193 1102 3256 autetiam
1126 3193 1290 3258 dominum
1302 3193 1491 3278 episcopum
1509 3190 1821 3276 Merssburgensem,

400 3288 627 3356 cancellarium
649 3312 709 3375 pro
732 3300 878 3376 tempore
902 3291 1103 3374 existentem,
1125 3293 1158 3355 in
1180 3290 1331 3355 civilibus
1353 3291 1459 3354 causis
1481 3313 1541 3377 per
1562 3291 1648 3353 viam
1673 3289 1822 3377 querelae

400 3389 492 3454 adire
513 3399 716 3474 praesumat,
738 3387 796 3453 sed
817 3390 911 3452 iuxta
929 3390 1146 3454 iuramentum
1167 3390 1358 3477 praestitum
1386 3388 1430 3453 ad
1450 3399 1608 3454 rectorem
1629 3390 1821 3454 universita-

399 3490 441 3554 tis
462 3497 624 3570 recurrat,
646 3489 700 3574 qui
722 3487 898 3553 secundum
922 3497 1042 3553 statuta
1063 3498 1119 3553 aut
1141 3490 1190 3552 sui
1219 3488 1346 3554 consilii
1372 3510 1638 3572 assessorumque
1665 3489 1821 3573 cognitio·

398 3610 473 3653 nem
494 3589 529 3651 in
548 3586 733 3652 huiusmodi
755 3589 862 3652 causis
883 3586 1061 3673 procedere
1088 3596 1120 3651 et
1141 3587 1326 3653 discernere
1346 3586 1485 3652 debebit
1526 3587 1577 3651 Ita
1604 3596 1714 3651 tamen
1736 3584 1823 3674 quod

359 3699 461 3776 30per
484 3697 643 3752 rectorem
664 3697 720 3751 aut
741 3686 985 3750 universitatem
1006 3695 1062 3749 aut
1084 3684 1166 3750 alias
1186 3697 1324 3772 gravato
1340 3686 1518 3750 remedium
1539 3687 1620 3750 iuris
1643 3709 1709 3751 non
1731 3708 1821 3773 prae

327 3794 330 3799 ’
400 3786 557 3853 cludatur.
602 3785 637 3850 si
659 3808 737 3850 vero
759 3785 876 3871 aliquis
899 3793 1012 3849 eontra
1035 3786 1218 3870 praemissa
1240 3784 1362 3872 aliquid
1384 3785 1637 3871 attemptaverit,
1658 3787 1691 3848 in
1712 3784 1823 3850 decem

400 3885 532 3951 florenis
552 3882 742 3949 renensibus
764 3905 823 3970 per
844 3884 1088 3948 universitatem
1110 3885 1273 3970 puniatur.

883 4054 911 4113 4.
934 4066 981 4112 us
1003 4064 1107 4113 vorls
1129 4064 1338 4114 runemrvis.

484 4178 696 4261 Ordinamus,
720 4178 806 4266 quod
834 4179 982 4265 magistri
1014 4190 1046 4244 et
1074 4180 1223 4246 doctores
1253 4181 1286 4243 in
1315 4179 1462 4244 omnibus
1487 4177 1776 4245 convocationibus
1802 4200 1822 4243 a

360 4280 488 4347 35votis
510 4279 687 4365 pungitivis
709 4287 741 4343 et
761 4279 925 4342 iniuriosis
948 4279 1078 4344 omnino
1094 4278 1291 4343 'abstineant
1335 4276 1370 4343 Si
1392 4280 1464 4366 quis
1490 4289 1597 4344 autem
1625 4281 1824 4345 eontrarium

402 4379 516 4445 fecerit
538 4387 569 4443 et
591 4377 632 4441 de
654 4376 715 4441 hoe
737 4378 903 4442 confessus
925 4376 978 4442 vel
998 4400 1057 4464 per
1077 4387 1236 4443 rectorem
1258 4387 1314 4442 aut
1342 4376 1423 4442 duos
1451 4386 1549 4442 testes
1576 4377 1723 4464 ydoneos
1749 4401 1822 4446 con·

403 4481 509 4543 victus
530 4477 643 4558 fuerit,
672 4477 706 4538 in
726 4475 835 4541 triduo
857 4477 1062 4541 universitati
1083 4475 1194 4542 decem
1221 4475 1326 4542 solvat
1344 4477 1499 4542 florenos:
1527 4498 1608 4561 quos
1631 4479 1714 4541 siin
1737 4478 1823 4544 dicto

404 4577 541 4641 termino
562 4598 627 4640 non
650 4574 782 4640 solverit
802 4584 859 4640 aut
880 4575 1006 4641 solvere
1027 4578 1237 4659 recusaverit,
1259 4585 1377 4642 extunc
1399 4577 1442 4642 sit
1462 4597 1638 4662 suspensus
1659 4576 1701 4640 ab
1724 4579 1824 4642 omni·

405 4675 466 4740 bus
488 4674 711 4740 emolumentis
740 4675 961 4739 universitatis
993 4683 1025 4738 et
1052 4673 1178 4740 actibus
1200 4675 1395 4758 scolasticis,
1417 4674 1520 4740 donec
1541 4674 1725 4741 huiusmodi
1749 4700 1825 4764 poe·

363 4783 482 4838 aonam
502 4773 633 4838 realiter
655 4782 687 4837 et
708 4796 780 4838 eum
802 4773 918 4839 effectu
939 4773 1074 4839 solverit
1093 4775 1309 4839 universitati.

861 4946 889 5004 5.
911 4957 958 5003 nu
978 4955 1127 5004 mamus
1148 4956 1365 5005 nouusraru.

489 5068 643 5134 Volumus
665 5079 698 5135 et
717 5069 915 5153 ordinamus,
938 5069 1024 5156 quod
1046 5079 1166 5135 stamta
1186 5092 1283 5158 super
1304 5070 1432 5135 decenti
1453 5069 1567 5136 habitu
1587 5094 1646 5158 per
1666 5073 1825 5140 universi-

1394 5342 1410 5373 b
