3756 6158
333 477 337 488 ·
363 487 424 551 610
874 483 926 535 Dis
945 481 1131 533 medicinischs
1148 479 1276 534 swnnae

426 718 472 764 DI}
500 715 640 763 DEGORO
665 717 907 765 surrentinum
927 719 962 765 IN
984 717 1205 781 exsulamus,
1227 716 1395 765 CONSILIIS
1417 717 1462 763 ET
1483 713 1728 765 CONVEN'I'IBUS

954 816 1193 865 OBSERVANDA.

840 936 946 998 Caput
964 936 1051 986 VIII.
1072 933 1143 1000 (Vgl.
1163 939 1186 985 it.
1205 936 1242 987 St.
1261 933 1297 1004 6.)

446 1049 561 1115 Nullus
588 1048 702 1114 doctor
725 1048 822 1114 alium
851 1048 1049 1136 opprobriis,
1077 1049 1214 1133 iniuriis,
1244 1049 1425 1115 maledictis
1455 1057 1512 1114 aut
1538 1047 1728 1112 scommatis
1749 1044 1794 1109 ls-

323 1159 338 1213 ⁵
366 1159 483 1230 cesset,
513 1149 572 1214 sub
599 1171 704 1235 poena
733 1151 827 1213 unius
852 1151 943 1214 aurei
969 1150 1091 1213 nummi
1118 1149 1153 1212 in
1182 1172 1261 1215 auro
1289 1146 1556 1214 irremissibiliter
1585 1143 1793 1232 persolvendi

365 1247 510 1312 medicae
536 1248 700 1331 facultati3
730 1258 943 1334 arceaturque
971 1247 1136 1312 offendens
1164 1247 1206 1312 ab
1235 1247 1457 1313 emolumentis
1486 1243 1662 1326 facultatis,
1693 1243 1793 1309 donec

366 1345 566 1434 praedictam
588 1347 740 1412 mulctam
769 1346 962 1434 persolverit
983 1356 1016 1412 et
1037 1337 1230 1412 satisfecerit
1258 1349 1345 1435 parti
1372 1346 1480 1413 laesae
1508 1344 1640 1409 decreto
1668 1342 1792 1408 consilii

365 1446 530 1510 facultatis
552 1445 707 1529 medicae,
731 1449 757 1511 si
780 1469 838 1534 per
860 1448 981 1511 amicos
1002 1468 1067 1511 nou
1089 1455 1263 1531 potuerunt
1281 1445 1494 1512 reconciliari.

703 1665 748 1711 UT
771 1662 867 1711 NEMO
888 1660 1083 1711 DOCTORUII
1105 1662 1259 1712 SECBE'I'A
1281 1664 1451 1711 REVELET.

328 1806 360 1861 10
869 1799 977 1861 Caput
994 1800 1044 1850 IX.
1069 1798 1140 1864 (vgr.
1159 1803 1183 1849 a.
1202 1800 1239 1851 St.
1253 1799 1288 1864 7.)

450 1925 596 2009 Quilibet
617 1926 786 1992 doctorum
813 1927 853 1992 de
881 1929 1016 1995 consilio
1043 1929 1207 1995 facultatis
1232 1939 1364 1995 nostrae
1392 1930 1533 1994 existens
1562 1926 1728 1993 tenebitur
1748 1947 1792 1989 se·

370 2036 460 2092 creta
482 2026 608 2091 consilii
631 2026 719 2114 apud
740 2050 775 2092 se
799 2049 931 2092 servare
953 2039 985 2093 et
1004 2051 1069 2093 non
1091 2028 1268 2110 eliminare,
1296 2030 1472 2116 praecipue
1493 2026 1626 2113 quando
1648 2026 1712 2091 boc
1733 2024 1792 2089 sibi

369 2148 426 2213 per
447 2124 604 2190 decanum
629 2128 789 2191 seorsum¹
813 2126 872 2192 sub
896 2138 985 2193 certa
1005 2152 1111 2215 poena
1129 2130 1314 2194 iniunctum.

801 2322 864 2412 [Bl.
886 2323 938 2412 3¹²]
963 2344 1361 2394 vmacsucnnnsnnrus.

328 2484 358 2542 15
841 2480 949 2543 Caput
968 2482 1000 2530 X.
1023 2479 1094 2546 (vgt.
1114 2486 1137 2533 a.
1157 2481 1194 2532 St.
1214 2482 1229 2532 8
1247 2497 1272 2532 ιι.
1290 2478 1326 2547 9.)

448 2609 513 2674 Pro
544 2608 719 2674 concordia
748 2612 862 2677 maiori
890 2612 1053 2677 facultatis
1084 2612 1229 2679 medicae
1250 2610 1456 2677 observanda
1482 2609 1604 2697 placet,
1634 2607 1722 2696 quod
1743 2607 1792 2674 de

366 2721 493 2775 caetero
512 2706 812 2774 vicecancellarium
841 2712 874 2774 in
900 2711 1070 2778 medicinis
1097 2711 1240 2778 habeant
1261 2711 1409 2777 doctores
1431 2711 1575 2774 vicissim
1597 2708 1640 2773 de
1661 2708 1792 2774 consilio

367 2807 532 2874 facultatis
558 2810 651 2873 iuxta
679 2806 825 2872 ordinem
855 2811 936 2874 senii
963 2833 1083 2877 eorum.
1126 2810 1170 2876 Et
1188 2811 1249 2876 hoc
1269 2812 1376 2897 ipsum
1399 2809 1536 2874 facultas
1559 2830 1618 2872 suo
1640 2821 1793 2895 tempore,

367 2931 429 2995 quo
458 2907 698 2994 promovendus
726 2907 844 2993 aliquis
874 2909 917 2973 ad
945 2908 1111 2975 beandam
1142 2909 1303 2975 admissus
1335 2910 1445 2992 fuerit,
1479 2907 1610 2972 domino
1642 2909 1792 2995 episcopo

324 3005 630 3093 20Merseburgensi
653 3007 718 3072 suis
740 3006 841 3072 literis
863 3008 1050 3095 patentibus
1074 3010 1239 3074 insinuare
1261 3008 1371 3091 debet,
1401 3007 1565 3074 doctorem
1587 3007 1792 3089 nominando,

367 3108 419 3172 cui
448 3129 539 3171 suam
567 3108 708 3194 gratiam
734 3106 796 3172 hac
817 3107 890 3172 vice
918 3108 960 3173 ad
983 3108 1319 3175 vicecancellariatum
1344 3110 1377 3172 in
1398 3106 1567 3172 medicinis
1598 3106 1642 3171 ad
1670 3109 1792 3194 petitio

365 3229 438 3271 nem
461 3216 492 3271 et
513 3205 721 3292 desyderium
741 3205 904 3272 facultatis
927 3211 1115 3274 conmittere
1136 3209 1295 3294 dignetur.
1334 3207 1378 3272 Et
1407 3209 1434 3272 si
1460 3205 1572 3294 plures
1593 3208 1659 3270 sint
1687 3205 1790 3294 aliquo

368 3316 512 3392 tempore
533 3305 731 3387 licentiaudi,
759 3316 836 3372 tunc
856 3308 1142 3373 vicecancellarius
1166 3309 1213 3372 sic
1234 3308 1329 3372 datus
1351 3307 1486 3393 recipiet
1509 3328 1568 3390 pro
1591 3308 1659 3371 suis
1679 3305 1791 3371 labori·

367 3405 428 3468 bus
451 3403 622 3469 dumtaxat
642 3405 722 3470 duos
744 3404 884 3471 florenos
906 3407 940 3470 in
962 3430 1055 3490 aur03
1082 3407 1163 3472 alios
1185 3406 1325 3473 florenos
1347 3405 1522 3472 distribuat
1543 3408 1627 3470 inter
1648 3405 1791 3472 doctores

325 3503 542 3568 25inmediate
565 3515 745 3590 sequentes,
768 3507 814 3569 ita
836 3505 922 3592 quod
945 3505 1080 3592 quilibet
1100 3506 1181 3571 duos
1203 3506 1342 3571 florenos
1363 3503 1496 3586 habeat3
1520 3506 1592 3590 pari
1615 3504 1712 3570 modo
1734 3504 1790 3569 alio

367 3615 512 3689 tempore
540 3602 604 3666 fiet.
648 3604 703 3667 Sic
732 3604 912 3691 aequalitas
942 3605 1089 3670 labormn
1121 3616 1152 3670 et
1181 3603 1473 3670 emolumentorum
1499 3603 1685 3668 servabitur
1715 3607 1791 3668 inter

369 3701 527 3784 doctores,
551 3725 633 3789 quae
655 3726 797 3768 amorem
817 3706 919 3768 nutrit
940 3713 1035 3789 atque
1057 3705 1273 3770 concordiam.

729 3903 900 3951 nulsione
922 3903 968 3949 AD
989 3903 1184 3952 EPISCOPUM
1205 3903 1437 3952 massmanni.

325 4131 501 4199 300hristo
523 4143 625 4218 pater,
650 4133 778 4198 domine
799 4136 957 4220 gratiosel
975 4136 1119 4224 ‚Vestrae
1140 4137 1325 4222 paternitati
1347 4135 1522 4200 affectuose
1543 4134 1790 4199 conmendamus

368 4231 587 4295 venerabilem
619 4235 723 4296 virum
756 4241 825 4311 (aut
854 4235 1056 4299 venerabiles
1088 4238 1188 4311 viros)
1223 4235 1270 4299 .N.
1303 4234 1351 4298 .N.
1383 4237 1416 4299 in
1448 4234 1575 4299 artibus
1606 4232 1791 4298 liberalibus

368 4332 558 4416 magistrum
590 4343 662 4403 (aut
682 4336 870 4417 magistros)
893 4346 924 4398 et
951 4337 985 4399 in
1011 4335 1172 4400 medicina
1197 4332 1426 4399 licentiandum
1455 4341 1529 4411 (aut
1555 4333 1791 4411 licentiandos)‚

368 4429 566 4516 suplicantes
589 4431 749 4497 humiliter
770 4436 958 4519 paternitati
980 4448 1108 4499 vestrae
1132 4433 1339 4516 reverendae,
1367 4442 1526 4519 quatenus
1547 4433 1675 4516 eadem,
1698 4432 1792 4498 medi-

369 4551 426 4593 cae
456 4529 619 4594 facultatis
651 4532 785 4613 intuitu,
818 4533 1055 4597 conmendabili
1085 4545 1182 4618 atque
1211 4533 1342 4619 egregio
1369 4533 1455 4614 viro,
1487 4533 1608 4597 artium
1639 4535 1792 4619 magistro

326 4636 465 4714 Statque
499 4631 532 4692 in
564 4629 724 4693 medicina
754 4629 892 4714 doctori,
922 4634 971 4696 .N.
1000 4633 1227 4697 authoritatem
1256 4630 1433 4696 concedere
1466 4630 1619 4716 dignetur
1649 4633 1791 4719 praefata

369 4729 524 4813 magistro
547 4726 614 4804 (vel
635 4729 792 4813 praefatis
815 4734 995 4817 magistris)
1026 4731 1067 4795 ad
1090 4754 1245 4818 praesens
1266 4729 1462 4794 lieentiando
1485 4729 1551 4800 (vel
1574 4729 1791 4805 licentiaudis)

369 4825 402 4888 in
425 4826 594 4890 medicinis
615 4827 780 4893 licentiam
802 4831 995 4896 conferendi.
1031 4830 1128 4911 Quod
1149 4832 1234 4897 votis
1255 4829 1396 4895 assiduis
1418 4828 1507 4916 apud
1529 4830 1667 4895 eandem
1690 4840 1790 4916 pster-

456 5076 465 5124 1
487 5073 554 5128 Dies
572 5076 655 5131 Wort
674 5079 708 5130 ist
728 5078 824 5131 wieder
844 5079 945 5149 getilgt
963 5081 1019 5133 und
1038 5098 1118 5148 zuar,
1143 5080 1192 5135 wie
1208 5097 1237 5135 es
1255 5079 1373 5146 scheint,
1400 5078 1490 5151 gleich
1508 5096 1562 5134 von
1580 5081 1630 5134 der
1649 5077 1731 5131 Haud
1747 5077 1790 5129 des

368 5161 459 5211 ersten
479 5154 645 5216 Schrsibers.
