3756 6158
244 462 304 529 458
733 464 783 514 Die
800 464 1019 528 philosophante
1035 463 1162 516 Faculttt

244 644 409 709 munitatis
437 643 575 709 alicuius
603 644 722 712 bursae
750 647 802 712 vel
832 645 977 735 collegii,
998 648 1174 735 praecipue
1203 646 1230 710 si
1258 645 1354 711 fuerit
1381 644 1579 708 exercicium
1609 665 1664 729 pro

245 742 351 829 gradu
376 743 624 809 baccalariatus.
665 745 778 811 Potest
804 756 912 811 tamen
933 746 1075 811 decanus
1096 754 1232 833 propter
1253 746 1452 832 paucitatem
1473 742 1664 825 auditorum,

245 842 308 907 loci
333 843 646 926 inconvenienciam,
668 846 772 930 frigus
793 869 850 911 seu
871 846 968 912 aliam
992 845 1226 911 racionabilem
1248 865 1382 910 causam
1402 841 1614 928 dispensare,
1633 853 1665 907 ut

247 942 319 1028 quis
338 942 372 1005 in
393 941 599 1007 habitacione
621 966 679 1009 sua
701 945 867 1032 disputare
887 946 1003 1013 valeat
1046 945 1083 1026 Si
1105 966 1183 1010 vero
1214 944 1330 1031 aliquis
1352 943 1586 1028 magistrorum
1605 965 1665 1008 non

202 1047 219 1104 5
244 1040 331 1106 omni
352 1038 412 1104 die·
425 1039 616 1127 disputabili
641 1054 808 1126 exerceat,
830 1045 916 1132 qnod
936 1046 1121 1110 visitatores
1147 1067 1207 1131 pro
1234 1053 1380 1131 ternpore
1407 1041 1587 1108 existentes
1614 1041 1664 1106 de·

247 1139 402 1205 nunciare
431 1149 579 1206 tenentur
610 1141 732 1208 decano
761 1143 938 1226 facultatis,
969 1153 1003 1210 et
1028 1145 1166 1210 monitus
1201 1166 1237 1209 se
1272 1165 1337 1209 non
1365 1139 1606 1222 emendaverit,
1633 1142 1665 1206 in

247 1236 357 1325 aliqua
379 1240 534 1331 porcione
554 1250 669 1328 pastus
690 1244 851 1330 puniatur.
896 1243 932 1308 Si
959 1254 1066 1309 autem
1091 1243 1233 1308 multum·
1251 1241 1421 1329 negligens
1448 1240 1567 1322 fuerit,
1595 1249 1665 1307 tunc

246 1338 340 1403 iuxta
362 1361 500 1426 poenam
521 1342 554 1405 in
575 1342 753 1407 novissima
771 1342 1005 1409 reformacione
1025 1364 1225 1431 expressam,
1247 1349 1402 1431 quaeest
1420 1340 1574 1424 carencia
1584 1349 1663 1407 aetn-

249 1439 419 1523 regenciae
441 1438 485 1504 ad
506 1450 787 1530 certumtempus,
807 1443 971 1529 puniatur.

204 1663 235 1720 10
257 1660 284 1719 5.
304 1648 577 1724 nasamonas·
590 1675 768 1724 Pannona
781 1677 874 1723 FIERI
899 1675 972 1724 NON
999 1676 1140 1725 DEBENT
1169 1666 1232 1725 SUB
1253 1673 1358 1723 rioms
1378 1671 1581 1723 DEPUTATIS
1600 1671 1663 1720 PRO

385 1773 616 1823 aacrloruaus
637 1776 683 1822 ΕΤ
704 1759 897 1825 annuemus
916 1765 961 1824 ΕΤ
984 1775 1031 1824 DE
1053 1776 1169 1825 POENA
1191 1771 1525 1824 conrmacmrt'rls.

183 1923 185 1926 ’
260 1994 262 2000 ,
328 1922 580 2009 Resumpciones
608 1922 759 2009 publicae
782 1923 842 1989 suh
863 1926 1005 1990 serotina
1026 1933 1057 1990 et
1084 1924 1259 1991 ordinariis
1289 1903 1586 2009 disputationibus,
1608 1917 1663 1984 sub

248 2019 350 2087 horis'
365 2021 537 2088 lectionum
562 2032 595 2087 et
620 2024 854 2089 exerciciorum
881 2023 1088 2090 nullomodo
1115 2023 1196 2089 fiant
1221 2044 1326 2110 neque
1354 2019 1587 2100 admittantur,
1612 2016 1663 2083 aad

246 2120 318 2184 istis
338 2120 436 2204 horis,
458 2144 518 2208 pro
541 2121 724 2187 huiusmodi
746 2121 883 2208 publicis
905 2123 1178 2212 resumptionibus
1198 2121 1362 2210 deputatis
1369 2169 1379 2202 ,
1402 2128 1536 2208 quarta,
1557 2118 1664 2204 quini&

208 2226 280 2283 15et
294 2230 388 2284 sexta
401 2243 497 2285 mane
520 2222 553 2285 in
575 2231 707 2304 aestate,
729 2222 763 2286 in
785 2220 901 2308 hyeme
921 2244 1016 2287 mane
1038 2223 1160 2308 quinta,
1183 2231 1278 2287 sexta
1298 2230 1331 2285 et
1351 2219 1509 2307 septima3
1534 2216 1575 2283 de
1597 2239 1663 2281 sero

248 2329 355 2383 autem
376 2329 493 2408 quarta
514 2319 596 2385 hora
616 2330 683 2386 tam
702 2323 735 2386 in
758 2329 880 2386 aestate
902 2343 998 2408 quam
1020 2322 1054 2401 in
1075 2322 1198 2409 hyeme.
1240 2320 1286 2385 Et
1307 2319 1454 2384 decanus
1480 2315 1613 2381 realiter
1636 2325 1664 2379 et

247 2439 317 2482 curn
339 2419 456 2485 effectu
475 2422 590 2507 puniat
612 2420 905 2502 contrafacientem,
927 2443 968 2486 ne
990 2420 1130 2487 scolares
1151 2419 1326 2502 facultatis,
1348 2441 1408 2504 pro
1431 2415 1543 2504 aliquo
1565 2413 1663 2503 gradu

251 2517 457 2605 complentes,
472 2543 492 2584 a
507 2519 727 2585 lectionum'et
742 2520 972 2585 exerciciorum
994 2519 1159 2585 auditione
1177 2517 1394 2584 retrahantur.
1437 2515 1482 2581 Et
1503 2515 1547 2580 sit
1567 2534 1665 2601 poena

251 2619 419 2683 carenciac
440 2621 686 2705 acturegenoiae
706 2618 758 2684 vel
784 2621 1002 2706 suspensionis
1023 2618 1066 2684 ab
1088 2617 1216 2684 actibus
1238 2616 1416 2684 scolasticis
1437 2636 1568 2680 necnon
1588 2635 1664 2678 emo·

204 2715 388 2799 tolimentis
408 2718 581 2784 facultatis.
623 2718 668 2784 Et
690 2719 719 2782 si
739 2716 858 2806 aliquis
878 2720 1109 2806 magistrorum
1130 2715 1314 2782 huiusmodi
1335 2737 1485 2803 poenam,
1508 2712 1595 2802 quod
1614 2711 1663 2776 ab

250 2815 307 2898 sit,
327 2837 394 2881 non
420 2820 583 2885 curaverit
608 2841 669 2883 nec
696 2839 732 2882 se
760 2816 944 2883 huiusmodi
972 2825 1093 2904 statuto
1123 2814 1413 2903 obtemperaverit,
1435 2836 1499 2900 pro
1521 2813 1664 2899 ingressu

248 2914 375 2980 consilii
400 2916 565 2981 facultatis
594 2927 750 3005 perpetuo
779 2917 822 2982 sit
849 2939 888 2981 ac
917 2926 1085 3005 reputetur
1110 2915 1258 2999 inabilis,
1288 2924 1321 2981 et
1347 2936 1443 2979 nemo
1474 2911 1520 2993 ad
1541 2909 1664 3001 publice

247 3015 473 3090 resumendum
484 3015 674 3082 admittatur
695 3017 729 3081 in
752 3038 942 3103 quacunque
964 3014 1127 3100 facultate,
1148 3016 1213 3081 nisi
1232 3017 1268 3081 in
1289 3013 1404 3080 eadem
1423 3014 1468 3079 sit
1488 3021 1660 3101 promotus,

248 3113 335 3201 quod
355 3114 522 3202 legittimis
544 3112 747 3183 documentis
769 3124 801 3180 et
820 3111 1069 3201 probationibus
1091 3113 1233 3182 docebit

205 3322 237 3378 at
328 3322 356 3383 6.
383 3332 710 3421 raourmrnr1ouns
733 3332 903 3381 rusnrcna
923 3330 1206 3381 maurenascae
1227 3332 1321 3381 rmar
1340 3298 1414 3380 nou
1436 3329 1589 3379 annana.

333 3481 406 3545 Non
435 3480 552 3546 debent
580 3482 650 3547 fieri
676 3482 961 3569 pronuntiaciones
988 3480 1138 3567 publicae
1168 3480 1256 3547 horis
1291 3502 1351 3567 pro
1379 3478 1662 3567 disputacionibus,

246 3579 437 3645 lectionibus
465 3592 496 3645 et
524 3583 694 3646 exerciciis
722 3581 892 3667 deputatis.
937 3580 981 3644 Et
1012 3579 1130 3645 debent
1156 3582 1313 3646 materiae
1341 3580 1527 3645 autenticae
1553 3599 1661 3666 appro-

248 3677 398 3743 batorum
421 3703 478 3745 seu
496 3680 693 3746 famosorum
715 3681 943 3764 magistrorum
965 3681 1190 3766 pronunciari,
1213 3702 1298 3766 quae
1317 3681 1409 3766 prius
1431 3701 1492 3766 per
1515 3679 1662 3744 decanum

246 3778 409 3844 facultatis
430 3782 553 3845 arcium
577 3791 608 3846 et
628 3804 702 3846 suos
721 3781 873 3861 seniores,
895 3789 1068 3865 antequam
1091 3778 1220 3868 publice
1240 3777 1506 3866 pronunciantur,
1528 3777 1661 3864 conspici

205 3877 383 3960 30debent,
405 3882 582 3966 praecipue
604 3881 632 3945 si
652 3880 728 3945 talis
752 3876 835 3966 [15¹³]
859 3881 1076 3964 pronuncians
1096 3901 1155 3965 per
1178 3878 1336 3944 decanum
1362 3878 1461 3956 fuerit
1489 3879 1662 3966 requisitus

245 3976 337 4042 Idem
351 3978 541 4065 intelligitur
558 3979 598 4044 de
619 3983 755 4046 materia
775 3979 883 4066 aliqua
904 4000 995 4043 nova
1009 3979 1169 4065 impressa
1189 3977 1383 4064 resumenda
1404 3975 1458 4042 vel
1478 3975 1661 4054 exercenda,

247 4080 275 4144 si
296 4100 463 4143 resumens
484 4079 537 4143 vel
558 4102 712 4146 exercens
735 4102 794 4168 per
816 4080 973 4145 decanum
994 4079 1093 4143 fuerit
1113 4078 1222 4144 debite
1241 4077 1427 4167 requisitus.

686 4346 728 4411 X.
761 4344 1006 4413 cnrrrunou
1028 4362 1233 4411 nncruuu,

247 4503 304 4567 De
329 4497 687 4586 resumptionibus
710 4490 890 4583 publicis
913 4518 985 4582 per
1005 4493 1254 4560 facultatem
1275 4471 1430 4559 arcium
1451 4490 1661 4580 deputatis.

205 4694 239 4749 35
493 4686 519 4745 1.
541 4697 588 4744 na
611 4697 764 4745 urrann
786 4695 995 4743 assumunt
1016 4695 1061 4742 nr
1084 4693 1249 4743 ramora
1269 4692 1435 4741 nmmum

330 4832 466 4912 Placuit,
487 4828 575 4917 quod
593 4828 731 4894 facultas
752 4827 877 4892 arcium
896 4825 1040 4914 qualibet
1060 4826 1242 4890 mutacione
1263 4832 1401 4911 quattror
1423 4825 1607 4912 magistros,
1627 4817 1661 4885 ad

247 4934 377 5024 publice
405 4930 636 5005 resumendum
664 4927 766 4994 abiles
797 4936 828 4992 et
855 4925 1016 5012 ydoneos,
1045 4924 1127 4990 duos
1154 4923 1195 4989 de
1228 4922 1362 4990 consilio
1390 4930 1423 4988 et
1453 4922 1535 4999 duos
1566 4930 1657 4998 exta,

248 5034 400 5121 deputet,
442 5052 578 5115 quorum
619 5051 701 5092 unus
735 5027 769 5091 in
805 5025 1020 5111 grammatica
1054 5024 1222 5088 Donatum
1257 5031 1290 5086 et
1330 5021 1511 5089 secundam
1545 5028 1657 5108 partem

248 5128 440 5200 Allexandri
461 5127 649 5194 textualiter
670 5127 705 5192 in
724 5147 789 5190 una
809 5124 991 5190 mutacione
1014 5121 1343 5206 aestivaliresumat,
1365 5123 1401 5197 in
1431 5119 1576 5211 hyemali
1595 5137 1659 5182 vero
