3756 6158
397 486 436 547 24
845 482 897 534 Die
916 483 1098 534 Reformation
1115 498 1177 533 vom
1195 483 1278 532 Jahre
1299 486 1371 533 ttae.

398 665 519 750 exigua
539 663 663 729 decano
684 663 843 746 videatur,
864 665 978 751 puniat
1000 664 1286 729 contrafacientem
1303 685 1410 750 poena
1433 662 1597 726 carentiae
1616 667 1694 726 actu
1713 678 1827 745 regen·

397 765 463 828 tiae
490 761 543 827 vel
574 764 795 849 suspensionis
819 762 860 827 ab
889 763 1016 828 actibus
1046 762 1226 828 scolasticis
1254 784 1380 826 necnon
1409 760 1632 826 emolumentis
1658 755 1826 824 facultatis

398 863 526 926 artium.
569 861 614 926 Et
636 863 663 926 si
685 861 801 949 aliquis
823 863 1051 947 magistrorum
1072 860 1256 927 huiusmodi
1278 884 1417 948 poenam
1438 883 1504 925 non
1526 858 1691 924 curaverit
1709 877 1773 921 nec
1793 877 1826 921 se

398 962 528 1025 statutis
551 960 840 1047 obtemperaverit,
864 984 924 1047 pro
946 962 1096 1047 ingressu
1118 961 1161 1025 ad
1190 959 1360 1026 eonsilium
1383 958 1547 1024 facultatis
1568 958 1688 1023 artium
1710 975 1825 1042 perpe
1853 952 1860 968 '

374 1067 454 1124 5tuo
478 1060 520 1123 sit
541 1081 581 1123 ac
601 1069 768 1145 reputetur
788 1058 930 1123 inabilis.
971 1059 1015 1123 Et
1035 1083 1130 1124 nemo
1152 1058 1195 1124 ad
1225 1059 1354 1146 publice
1381 1055 1609 1123 resumendum
1636 1055 1827 1122 admittatur

398 1158 432 1222 in
455 1179 647 1246 quacunque
667 1157 837 1240 facultate,
860 1160 924 1223 nisi
945 1160 980 1223 in
1002 1158 1115 1224 eadem
1138 1157 1294 1224 facultate
1316 1160 1358 1223 sit
1386 1166 1573 1245 promotus,
1596 1154 1685 1244 quod
1705 1153 1825 1241 legitti-

399 1257 460 1321 mis
484 1255 685 1323 documentis
706 1267 738 1322 et
758 1257 1006 1344 probationibus
1028 1257 1146 1324 docere
1168 1256 1340 1323 tenebitur.

452 1476 502 1539 23·
523 1489 571 1537 Du
592 1490 713 1538 cultris
735 1490 1022 1539 RESUMPTORIBUS
1045 1491 1113 1539 Pas
1133 1490 1365 1540 recubuerunt
1387 1489 1520 1537 aurluu
1540 1488 1776 1538 DEPUTANDIS.

482 1625 638 1692 Volumus
660 1636 692 1689 et
714 1626 915 1705 ordinamus,
939 1627 1026 1715 quod
1046 1628 1183 1692 facultas
1205 1629 1323 1692 artium
1347 1625 1492 1713 qualibet
1512 1627 1698 1691 mutacione
1721 1635 1825 1690 certos

359 1726 574 1811 tomagistros
596 1725 639 1789 ad
662 1725 724 1790 hoc
745 1724 891 1812 ydoneos
913 1728 947 1790 in
968 1726 1022 1792 vel
1051 1738 1145 1792 extra
1175 1725 1344 1792 eonsilium
1370 1724 1535 1791 facultatis
1560 1723 1695 1813 deputet
1725 1733 1758 1788 et
1777 1745 1827 1788 or·

398 1822 497 1907 diuet,
518 1846 654 1911 quorum
674 1847 757 1888 unus
778 1825 820 1887 in
842 1827 1113 1909 grammatica
1137 1826 1305 1891 Donatum
1326 1823 1379 1888 vel
1391 1835 1501 1910 partes
1515 1822 1723 1906 Allexandri,
1745 1820 1827 1887 alius

397 1923 440 1987 in
460 1921 602 2008 logica
623 1923 794 2010 parvulum
815 1923 920 1988 loieae
939 1924 991 1988 vel
1013 1924 1189 1989 summulas
1204 1924 1295 1989 Petri
1306 1923 1449 2010 Hispani
1463 1933 1518 1987 aut
1538 1922 1636 1988 aliam
1656 1922 1828 1988 materiam

398 2020 571 2108 regulatim
590 2024 625 2087 in
640 2023 739 2105 loica,
762 2022 845 2087 alius
865 2024 904 2087 in
926 2025 1111 2088 retorica
1130 2023 1261 2089 modum
1283 2021 1489 2110 epistolandi,
1502 2022 1676 2087 aliusvcro
1697 2022 1739 2085 in
1760 2042 1828 2085 na·

397 2120 528 2185 turali
550 2120 822 2208 philosophia
843 2121 1014 2208 parvulum
1037 2121 1266 2209 philosophiae
1295 2121 1454 2186 naturalis
1476 2130 1532 2185 aut
1553 2119 1653 2185 alium
1675 2143 1826 2208 compen·

357 2228 388 2283 15
399 2218 526 2283 diosum
544 2219 688 2284 libellum
710 2222 744 2284 in
764 2219 878 2285 eadem
898 2219 1110 2308 philosophia
1139 2230 1378 2309 comportatum
1398 2229 1454 2284 aut
1476 2219 1747 2306 comportandum
1768 2242 1825 2307 pu·

398 2316 483 2383 blice
505 2319 539 2381 in
561 2316 669 2407 aliquo
692 2318 899 2405 collegiorum
917 2328 1072 2402 resumat,
1096 2330 1128 2385 et
1148 2322 1182 2384 in
1200 2320 1377 2407 praedictis
1399 2320 1544 2384 materiis
1564 2340 1639 2384 suos
1661 2317 1827 2384 auditores

400 2415 573 2502 diligenter
595 2440 634 2483 ac
653 2418 936 2483 fimdamentaliter
959 2419 1103 2502 erudiat,
1129 2442 1195 2484 una
1215 2419 1269 2483 die
1290 2417 1488 2483 declarando
1516 2427 1548 2482 et
1575 2416 1642 2483 alia
1668 2416 1722 2482 die
1752 2438 1828 2482 exa·

399 2515 564 2581 minando.
612 2517 657 2582 Et
685 2517 791 2582 nullus
824 2517 1170 2600 baccalariandorum,
1207 2520 1352 2603 exeeptis
1384 2516 1448 2581 illis
1476 2517 1533 2604 qui
1558 2517 1593 2580 in
1621 2515 1828 2603 paedagogio

402 2616 559 2679 stanciam
580 2614 718 2698 habent,
747 2619 803 2704 qui
828 2616 946 2682 talibus
974 2627 1049 2681 sunt
1067 2618 1192 2704 provisi
1220 2616 1495 2703 resumptionibus
1523 2636 1583 2702 per
1614 2625 1828 2681 conventores

358 2711 531 2798 aoibidem,
553 2715 596 2779 ad
616 2737 754 2780 examen
777 2716 977 2799 admittatur,
999 2718 1062 2780 nisi
1084 2716 1269 2781 huiusmodi
1291 2715 1528 2800 resumptiones
1548 2715 1583 2777 in
1603 2715 1828 2801 grammatica,

397 2811 500 2895 loica,
526 2813 689 2879 rethorica
717 2824 749 2879 et
774 2815 985 2902 philozophia
1013 2815 1155 2879 naturali
1184 2815 1297 2880 saltem
1328 2813 1426 2879 semel
1455 2811 1628 2898 diligenter
1655 2811 1828 2879 audiverit

397 2912 442 2976 Et
462 2922 501 2977 ut
523 2912 563 2977 de
585 2912 646 2978 boc
666 2923 815 2979 constare
836 2917 954 3000 possit,
978 2913 1075 2978 debet
1099 2913 1234 2978 audiens
1257 2936 1278 2978 a
1296 2910 1555 2998 resumptoribus
1576 2914 1658 2999 ipsis
1681 2914 1827 2998 recogni-

400 3012 520 3075 tionem
544 3012 718 3077 auditionis
740 3012 925 3077 huiusmodi
948 3023 1077 3078 actuum
1100 3012 1261 3096 obtinere,
1296 3021 1328 3076 et
1348 3022 1493 3097 tempore
1518 3010 1774 3097 dispensationis
1794 3013 1828 3076 in

400 3108 532 3174 scedula
553 3133 613 3174 sua
633 3133 744 3176 coram
764 3111 918 3176 facultate
940 3112 1164 3177 demonstrare
1186 3122 1217 3175 et
1239 3109 1403 3176 exhibere.
1444 3109 1629 3195 Deputatus
1643 3120 1753 3175 tamen
1769 3131 1828 3197 pro

356 3208 648 3274 25rethoricalibus
669 3210 872 3274 resumendis
895 3213 937 3276 sit
958 3211 1062 3277 solum
1084 3213 1237 3276 astrictus
1258 3209 1301 3274 ad
1321 3207 1548 3274 resumendum
1561 3231 1627 3297 una
1639 3208 1724 3275 hora
1739 3210 1827 3275 dum·

398 3317 492 3373 taxat
512 3308 627 3373 diebus
647 3307 790 3392 festivis,
813 3308 957 3376 sednon
978 3310 1038 3375 sub
1061 3310 1288 3397 disputacione
1310 3308 1477 3374 ordinaria
1505 3306 1558 3372 vel
1584 3308 1645 3374 sub
1668 3331 1828 3375 sermone.

565 3511 615 3572 24.
643 3525 691 3571 DE
713 3525 896 3574 MAGISTBIS
918 3526 965 3574 AD
988 3526 1177 3575 cessurum
1196 3524 1411 3574 uacunuauls
1432 3524 1662 3574 RECIl'IENDIS.

481 3657 680 3726 Ordinamus
702 3674 798 3750 atque
821 3661 984 3746 volumus,
1013 3665 1100 3751 quod
1121 3664 1226 3729 nullus
1255 3663 1486 3747 magistrorum
1515 3661 1559 3726 ad
1590 3661 1761 3727 consilium
1782 3662 1829 3727 fa·

398 3755 527 3822 cultatis
550 3763 667 3826 artium
691 3763 884 3848 recipiatur,
906 3764 969 3826 nisi
991 3766 1083 3828 iuxta
1104 3772 1226 3828 statuta
1248 3761 1391 3827 eiusdem
1418 3760 1584 3825 facultatis
1616 3759 1830 3848 compleverit

355 3865 432 3922 soet
454 3866 604 3923 octavum
627 3862 676 3925 sui
699 3862 879 3946 magisterii
902 3885 1021 3926 annum
1042 3863 1134 3927 iuxta
1156 3863 1367 3928 novissimam
1388 3861 1548 3947 principis
1571 3859 1755 3926 fundatoris
1778 3882 1828 3925 or·

398 3954 596 4022 dinationem
619 3958 714 4045 plene
735 3961 881 4045 attigerit
903 3970 937 4025 et
958 3983 1029 4025 sese
1050 3963 1085 4025 in
1104 3961 1230 4026 actibus
1250 3959 1430 4025 scolasticis
1445 3958 1595 4046 legendo,
1619 3957 1828 4046 disputando,

398 4056 579 4121 exercendo
608 4068 640 4122 et
665 4058 859 4124 resumendo
885 4082 944 4147 per
970 4059 1154 4125 huiusmodi
1177 4069 1304 4146 tempus
1328 4059 1496 4124 octennale
1516 4058 1689 4145 diligenter
1711 4066 1744 4123 et
1763 4057 1829 4122 fru-

397 4164 508 4220 ctuose
534 4159 776 4240 exercitaverit,
806 4160 853 4222 ita
875 4158 962 4246 quod
989 4151 1208 4225 verisimiliter
1235 4159 1275 4224 de
1305 4183 1341 4225 eo
1367 4168 1610 4246 praesumatur,
1640 4157 1728 4246 quod
1758 4179 1828 4223 sco·

396 4254 530 4320 lastieus
563 4256 708 4322 moribus
739 4279 865 4344 quoque
894 4257 1159 4322 commendabilis
1190 4260 1318 4324 existat.
1359 4258 1402 4322 Et
1431 4260 1458 4322 si
1488 4257 1523 4320 in
1551 4255 1664 4345 aliqua
1689 4258 1828 4322 nacione

356 4354 545 4420 35defectus
562 4356 793 4441 magistrorum
815 4357 915 4439 foret,
938 4365 1057 4420 extumo
1083 4357 1266 4423 huiusmodi
1292 4368 1419 4443 tempus
1449 4358 1646 4444 receptionis
1667 4358 1762 4421 iuxta
1781 4357 1828 4420 fa·

399 4454 527 4519 cultatis
549 4455 668 4519 artium
690 4452 919 4519 discretionem
940 4465 972 4519 et
993 4458 1210 4542 cognitionem
1237 4458 1410 4543 anticipari
1432 4465 1465 4519 et
1487 4453 1676 4520 abbreviari
1697 4456 1829 4542 poterit

424 4659 475 4720 25.
497 4673 544 4719 Du
567 4671 751 4720 naslerius
772 4671 927 4719 ALIARUM
948 4672 1230 4722 umvuafflvavuu
1249 4671 1469 4720 REOIPIENDIS
1490 4672 1537 4720 AD
1559 4671 1797 4721 Facunusuuu

1041 4772 1183 4820 ARTIUM.

481 4900 652 4983 Volumus,
684 4900 773 4988 quod
793 4900 899 4965 nullus
919 4902 1150 4987 magistrorum
1177 4901 1309 4966 alterius
1329 4902 1552 4966 universitatis
1574 4899 1617 4965 ad
1638 4899 1829 4966 facultatem

355 5003 518 5068 toartium
539 5011 738 5083 assumatur,
767 5001 832 5065 nisi
852 5002 944 5086 prius
964 5001 999 5065 in
1030 5001 1092 5066 hae
1118 5002 1330 5066 universitate
1356 4999 1399 5064 ad
1427 5010 1550 5064 eertum
1577 5009 1723 5086 tempus,
1750 5009 1830 5087 puta

397 5102 441 5167 ad
462 5099 590 5167 dimidii
611 5102 688 5165 anui
716 5101 874 5186 spacium,
898 5102 1023 5164 steterit
1045 5111 1077 5166 et
1099 5100 1243 5165 moribus
1266 5122 1305 5164 ac
1327 5101 1395 5164 vita
1414 5098 1572 5163 laudabili
1594 5097 1828 5185 comprobatus
