3756 6158
235 448 296 517 512
729 447 778 499 Die
796 448 1016 515 philosophiseha
1037 446 1164 501 Facutdt

237 634 365 697 cionum
386 633 579 697 conveniant
600 630 642 695 ad
659 630 855 695 audiendum
870 629 935 717 legi
948 630 1110 696 facultatis
1128 633 1251 695 arcium
1264 641 1394 715 statuta,
1409 641 1530 695 statum
1547 653 1655 696 eorum

235 743 267 797 et
288 732 419 797 modum
439 730 620 818 complendi
643 732 884 812 concernencia,
916 754 955 795 ne
985 740 1156 818 praetextu
1186 732 1393 815 ignoranciae
1413 731 1654 795 excusationem

233 831 363 896 valeant
385 830 534 916 allegare
577 829 644 894 Sub
666 851 772 916 poena
794 850 858 894 non
879 830 1085 895 admissionis
1107 840 1252 916 tempore
1273 852 1341 894 suo.
1374 830 1503 894 Datum
1526 829 1578 894 die
1600 829 1653 893 de·

235 934 321 995 cima
339 933 459 995 mensis
478 929 671 995 Novembris
693 928 869 993 decanatus
892 929 950 994 sub
973 929 1089 1015 sigillo.
1121 960 1123 964 ·

192 1106 209 1160 5
545 1100 574 1159 2.
595 1111 715 1159 nocua
735 1111 803 1159 rao
825 1113 994 1161 macoma
1016 1110 1347 1160 uso1srasrrnoam1.

325 1228 480 1293 Notificat
511 1226 798 1292 vicecancellarius
830 1227 994 1292 facultatis
1028 1229 1152 1291 arcium
1187 1227 1335 1292 omnibus
1370 1239 1402 1291 et
1434 1224 1572 1312 singulis
1600 1247 1655 1312 pro

236 1328 341 1414 gradu
363 1327 543 1413 magisterii
563 1327 598 1390 in
617 1325 741 1390 artibus
753 1327 906 1413 temptari
921 1348 959 1390 ac
974 1327 1155 1391 examinari
1166 1325 1358 1408 volentibus,
1381 1335 1546 1413 quatenus
1564 1322 1658 1388 hodie

236 1427 319 1500 hora
337 1444 386 1491 ΧΠ
406 1436 480 1492 ante
503 1425 631 1490 stubam
653 1424 817 1489 facultatis
838 1426 1033 1490 conveniant
1054 1434 1086 1489 et
1107 1446 1142 1490 se
1162 1425 1320 1490 intitulari
1343 1424 1485 1508 faciant3
1514 1423 1655 1508 alioquin

236 1551 295 1615 pro
317 1527 377 1591 hac
398 1527 468 1590 vice
489 1548 553 1589 non
574 1525 792 1589 admittentur.
836 1523 960 1589 Datum
982 1547 1066 1589 anno
1089 1524 1211 1589 domini
1232 1533 1291 1588 eto.
1313 1545 1371 1588 sno
1391 1523 1452 1588 sub
1475 1521 1591 1609 sigilio.

193 1704 226 1759 10
254 1699 283 1761 3.
309 1709 388 1756 ram
408 1707 508 1755 nono
529 1707 663 1755 aornar
685 1705 841 1753 soauaar
866 1705 985 1754 rosus
1006 1707 1075 1755 rao
1095 1707 1263 1756 mrnorru
1284 1703 1656 1769 asccsnsammoaurr,

683 1805 748 1854 san
771 1804 844 1852 sou
864 1805 929 1852 aar
951 1805 1061 1853 noum
1082 1807 1118 1853 nr
1138 1806 1213 1856 usu.

319 1921 455 1987 Mandat
476 1920 616 1985 decanus
638 1917 804 1985 facultatis
826 1923 950 1985 arcium
971 1921 1122 1987 omnibus
1142 1935 1175 1987 et
1195 1921 1330 2011 singulis
1358 1944 1419 2009 pro
1448 1919 1558 2007 gradu
1585 1918 1655 1983 bac·

236 2023 411 2088 calariatus
437 2023 470 2085 in
498 2019 622 2085 artibus
651 2018 834 2084 examinari
862 2020 1062 2103 volentibus,
1105 2031 1263 2106 quatenus
1294 2021 1391 2088 hodie
1417 2020 1501 2086 hora
1529 2036 1597 2101 xu,
1623 2027 1656 2082 ut

236 2145 336 2210 supra
358 2133 417 2187 eto.
459 2119 583 2185 Datum
607 2141 692 2184 anno
714 2127 774 2181 etc.
795 2116 971 2185 decanatus
993 2121 1053 2185 sub
1072 2120 1186 2208 sigillo.

193 2298 224 2354 15
534 2293 562 2352 4.
583 2302 702 2351 rosus
725 2301 889 2351 canrosa
911 2304 1120 2353 raxsrrorus
1142 2304 1345 2353 mammos.

318 2417 456 2484 Mandat
476 2417 640 2483 facultatis
663 2420 787 2483 arcium
809 2417 951 2483 deosum
972 2419 1121 2486 omnibus
1151 2430 1183 2484 et
1209 2419 1345 2506 singulis
1366 2420 1400 2484 in
1423 2418 1550 2484 artibus
1573 2442 1653 2484 com·

233 2518 407 2605 ploratibus,
430 2528 587 2603 quatenus
609 2517 705 2583 hodie
726 2517 807 2583 hora
829 2516 1020 2583 duodecima
1042 2541 1150 2584 coram
1172 2519 1378 2584 taxatoribus
1400 2519 1443 2584 ad
1459 2520 1651 2584 satisfacien-

237 2618 312 2683 dum
341 2641 401 2704 pro
427 2616 634 2700 lectionibus,
678 2617 848 2682 exerciciis
876 2639 916 2682 ao
944 2617 1218 2706 resumptionibus
1246 2618 1409 2683 facultatis
1435 2628 1651 2705 compareant,

235 2717 295 2783 sub
327 2739 432 2805 poena
459 2739 524 2781 non
552 2717 802 2803 computationis
835 2727 981 2803 tempore
1014 2741 1072 2784 suo
1103 2729 1136 2783 et
1166 2719 1387 2805 inscriptionis
1412 2717 1457 2784 ad
1483 2720 1651 2805 registrum

191 2816 471 2904 20complentium.
514 2817 637 2881 Datum
658 2815 834 2880 decanatus
857 2815 917 2879 sub
940 2815 1056 2902 sigilla.

315 2990 343 3049 5·
365 3001 483 3049 roam
504 3000 572 3048 PRO
595 2998 825 3047 uucrloulaus
847 3000 1020 3049 cudamus
1042 3000 1206 3049 TEMPORE
1229 2999 1489 3050 csmcunsmuu
1509 3001 1577 3049 PER

818 3099 1063 3149 BACCALARIOS.

318 3216 478 3282 Hortatur
499 3214 565 3292 (vel
588 3211 736 3297 mandat)
759 3211 922 3278 facultatis
943 3215 1065 3302 arcium
1087 3214 1228 3280 decanus
1244 3214 1393 3281 omnibus
1409 3226 1443 3280 et
1458 3215 1649 3303 singulisar·

234 3317 320 3380 cium
341 3314 535 3380 baccalariis
556 3311 740 3377 volentibus
762 3315 795 3376 in
818 3312 931 3377 diebus
954 3313 1193 3378 canicularibus
1211 3313 1367 3379 lectiones
1384 3314 1456 3381 loco
1472 3315 1648 3402 completio·

194 3421 286 3481 tonis
306 3415 430 3501 legere,
476 3423 632 3501 quatenus
661 3433 734 3475 cras
762 3414 844 3476 hora
872 3430 909 3476 x1
935 3413 987 3478 vel
1009 3432 1059 3478 ΧΠ
1080 3413 1122 3478 ad
1144 3413 1299 3501 placitum
1320 3415 1353 3477 in
1376 3413 1474 3479 stuba
1493 3414 1648 3480 facultatis

233 3518 428 3580 conveniant
451 3513 493 3577 ad
514 3510 736 3597 recipiendum
756 3508 904 3593 lectoria,
928 3512 987 3576 sub
1009 3535 1116 3599 poena
1135 3514 1313 3577 carenciae.
1348 3513 1473 3578 Datum
1495 3537 1579 3578 anno
1599 3513 1647 3576 do·

235 3616 314 3680 mini
336 3620 423 3696 1499,
445 3612 498 3677 die
519 3628 595 3675 xnu
614 3613 734 3675 mensis
752 3609 836 3693 Iulii,
859 3611 1033 3677 decanatus
1057 3612 1116 3676 sub
1140 3611 1256 3698 sigillo.

617 3852 645 3913 6.
667 3862 786 3910 sonus
809 3863 946 3911 smitam
967 3863 1035 3911 cao
1058 3863 1279 3912 alemanam.

321 3979 491 4065 Signatum
514 4001 573 4065 pro
595 3977 642 4042 .N.
665 3978 706 4043 de
730 3978 937 4065 Gottingenn,
958 3980 992 4042 in
1013 3980 1138 4044 artibus
1160 3978 1337 4043 licenciato.

193 4159 226 4214 3ο
482 4152 509 4210 7.
532 4161 651 4210 ronan
673 4162 811 4210 srcua'rr
832 4162 900 4221 rao
922 4160 1218 4210 saccansamrmrs
1238 4161 1406 4209 ansssssrs.

318 4279 487 4364 Signatum
514 4301 574 4365 pro
602 4278 648 4346 .N.
676 4278 717 4342 de
744 4277 887 4365 Leiptak
913 4300 973 4364 pro
995 4276 1217 4342 baccalariatu
1238 4273 1305 4357 (vel
1325 4276 1595 4358 baccalarisndo)
1620 4280 1649 4342 in

231 4380 366 4447 artibus.

234 4556 263 4619 8.
290 4563 411 4613 FORUM
438 4560 674 4609 INTIMAOIONIS
701 4560 769 4608 PRO
795 4560 907 4608 BURSA
927 4561 1047 4608 DANDA
1069 4559 1156 4607 POST
1178 4559 1410 4608 MUTACIONEM
1430 4563 1650 4612 ausslvsussst.

317 4695 474 4781 „Mandat
495 4693 636 4759 decanus
658 4694 821 4760 facultatis
842 4694 977 4776 arcium,
1000 4691 1086 4779 quod
1107 4691 1204 4757 hodie
1226 4704 1257 4757 et
1279 4692 1429 4758 decatero
1452 4695 1548 4761 detur
1558 4697 1650 4761 bursa

192 4807 227 4862 ³5
236 4797 317 4862 hora
339 4796 466 4860 decima
486 4805 518 4859 et
542 4793 723 4880 disputetur
742 4792 824 4857 hora
846 4793 961 4856 nona.“
997 4792 1058 4857 Vel
1075 4795 1131 4875 sic,
1155 4794 1224 4856 sine
1238 4792 1340 4858 verbo
1356 4793 1509 4860 mandat:
1531 4795 1649 4880 „Hodie

237 4907 268 4961 ot
289 4894 487 4981 peramplius
509 4892 729 4980 disputabitur
751 4893 830 4957 hora
854 4914 955 4974 noua,
979 4902 1011 4955 et
1030 4892 1089 4956 fiat
1110 4891 1282 4979 prandium
1309 4890 1391 4957 hora
1420 4892 1565 4980 decima,
1591 4895 1649 4960 die

236 4995 297 5062 bus
318 5017 397 5059 vcro
417 4992 646 5058 ieiunabilibua
667 4992 748 5056 hora
770 4991 969 5056 undecima.“
1011 4991 1055 5055 Et
1075 4990 1214 5055 addatur
1239 4992 1400 5077 signatum
1424 4993 1608 5061 decanatus.
