3756 6158
251 507 311 567 262
820 503 874 551 Das
892 501 980 553 klsius
1000 501 1104 563 Collcg.

251 687 341 772 prius
364 684 452 771 apud
474 686 583 770 ipsum
603 706 667 749 non
688 684 854 770 inscripto.
877 682 991 749 Nullus
1013 681 1174 748 adsciscat
1196 681 1260 747 sibi
1283 679 1558 762 contubernalem,
1579 702 1668 768 quem

250 787 372 849 nesciat
395 793 534 849 curator.
575 784 699 848 Locum
718 779 912 848 conductum
934 805 992 869 per
1013 805 1128 848 manus
1150 805 1215 850 uon
1243 781 1353 847 medat
1379 780 1490 846 alteri:
1530 780 1669 868 quisquis

251 885 310 948 hcc
330 882 526 969 neglexerit,
553 881 766 948 habitationis
788 881 863 947 huic
883 883 933 947 ius
954 879 1078 946 nullum
1099 891 1178 948 esto.
1220 879 1347 947 Placuit
1369 890 1476 946 autem
1497 881 1546 953 sic
1565 901 1667 944 nume·

250 984 316 1048 rari
339 980 403 1069 [44]
428 983 605 1048 semestris.
648 981 819 1046 Aestivum
848 979 980 1065 quidem
1006 1003 1026 1045 a
1053 980 1213 1046 dominica
1238 980 1329 1044 finali
1362 978 1567 1067 paschalium
1595 1001 1668 1044 nun·

207 1097 222 1147 5
249 1085 408 1164 dirarum,
436 1081 534 1167 vulgo
556 1081 693 1148 Cantate
720 1089 920 1165 nuncupata:
959 1078 1140 1166 hybernum
1166 1100 1244 1144 vero
1265 1078 1307 1144 ab
1329 1101 1369 1144 ea
1390 1078 1563 1160 dominica,
1594 1101 1669 1164 quae

249 1184 321 1247 finit
353 1180 555 1246 autumnales
581 1179 751 1244 nundinas.
794 1178 859 1260 Qui
879 1178 1112 1244 habitationem
1141 1202 1232 1244 suam
1261 1178 1388 1264 lougius
1415 1176 1559 1242 incolere
1579 1175 1668 1256 volet,

249 1292 323 1346 ante
344 1304 383 1345 ea
404 1292 551 1366 tempora
571 1281 688 1344 iterum
711 1300 782 1343 eam
804 1277 970 1362 conducet,
999 1278 1120 1364 alioqui
1146 1300 1217 1344 eam
1246 1277 1304 1344 alii
1330 1277 1473 1343 locatam
1503 1297 1577 1340 esse
1601 1297 1667 1340 con-

250 1382 341 1469 queri
362 1403 426 1446 non
448 1381 575 1467 poterit.
603 1377 662 1443 Sin
675 1400 753 1443 vero
775 1377 880 1444 denuo
900 1388 957 1443 aut
976 1377 1119 1465 alioquin
1139 1378 1329 1443 conductam
1350 1375 1518 1465 possidere
1539 1372 1669 1441 noluerit

249 1478 300 1554 vel
337 1503 402 1545 non
433 1478 590 1566 potuerit,
624 1478 768 1564 precium
797 1477 967 1543 locationis
998 1475 1206 1543 nihilominus
1237 1479 1397 1562 integrum
1428 1474 1597 1563 persolvat
1623 1474 1668 1541 vel

211 1590 241 1643 10
252 1578 350 1644 aliurn
370 1577 506 1664 collegio
527 1576 679 1643 idoneum
700 1576 929 1669 conductorem
947 1577 1101 1641 inveniat

750 1760 796 1808 DE
820 1759 887 1808 USU
908 1758 1164 1810 naulrrrloms.

838 1878 1005 1931 statutum
1023 1879 1080 1929 111.

332 1993 377 2081 [S.
399 1991 451 2081 45]
478 1993 535 2058 Ἐκ
556 1991 722 2080 inquilinis
749 1993 870 2058 nemini
899 1994 1074 2082 quicquam
1101 1991 1275 2059 aedificare
1302 1991 1391 2074 licet,
1417 1991 1498 2057 nulli
1525 1991 1666 2078 frangere

248 2104 304 2159 aut
325 2094 498 2160 immutare
519 2093 690 2180 quicquam
712 2092 845 2179 impune
867 2092 1064 2159 conceditur.
1106 2090 1170 2173 Qui
1192 2091 1394 2157 aedificando
1416 2092 1591 2180 quicquam
1612 2089 1665 2155 frc-

209 2194 348 2280 ttgerit,
375 2191 528 2257 damnum
557 2190 677 2256 solvat:
712 2192 766 2278 qui
795 2192 892 2256 etiam
913 2192 1035 2258 utiliter
1056 2193 1126 2257 sine
1147 2192 1238 2256 iussu
1260 2189 1420 2273 aedificat,
1449 2189 1560 2278 perdit
1581 2210 1665 2276 pocu-

249 2295 346 2375 niam,
375 2302 407 2357 et
433 2314 496 2379 quo
517 2291 653 2379 quisque
675 2290 771 2355 modo
793 2290 1004 2357 habitationis
1023 2290 1130 2357 locum
1150 2291 1285 2377 accepit,
1308 2289 1420 2355 abiens
1443 2289 1560 2356 eodem
1584 2289 1666 2354 reati·

253 2402 322 2457 tuat
349 2414 422 2456 eum
450 2388 594 2476 collegio.
638 2389 804 2479 Sectiones
830 2399 862 2455 et
888 2390 1036 2456 fissiones
1064 2390 1235 2478 lignorum,
1264 2402 1297 2456 et
1317 2393 1345 2456 si
1366 2390 1445 2478 quid
1465 2389 1543 2466 huic
1562 2387 1667 2469 simile,

251 2493 283 2556 iu
307 2491 397 2555 atriis
421 2498 454 2554 et
475 2488 697 2576 superioribus
719 2488 797 2555 locis
820 2489 950 2555 aedium
973 2488 1045 2555 fieri
1070 2488 1288 2577 probibemus,
1314 2488 1355 2555 ob
1382 2492 1547 2576 ingentem
1568 2486 1667 2554 labem

251 2591 526 2676 contignationum
566 2599 597 2653 et
635 2598 918 2674 compacturarum
963 2589 1111 2657 aedificii.
1164 2588 1395 2676 Deprehensus
1434 2590 1535 2675 igitur
1572 2586 1668 2655 solvat

205 2690 389 2776 boquinque
417 2709 564 2774 grossos3
594 2689 622 2752 si
644 2689 771 2770 iterum,
798 2686 867 2754 luat
888 2687 1038 2775 duplum3
1070 2689 1096 2755 si
1125 2688 1273 2775 amplius,
1300 2687 1449 2753 trabatur
1470 2689 1505 2753 in
1526 2687 1667 2754 iuditium

247 2786 384 2873 collegii.

698 2899 743 2990 [S.
764 2901 814 2991 46]
837 2921 884 2969 nu
906 2920 1218 2981 ramoumarrrrn.

822 3058 993 3106 Statuturn
1010 3056 1084 3108 1111.

327 3169 439 3235 Movet
466 3190 585 3256 graves
615 3169 682 3235 iras
705 3193 936 3258 saepenumero
965 3179 996 3234 et
1026 3170 1161 3237 acerbas
1190 3172 1401 3257 cogitationes
1428 3171 1617 3237 turbulenta
1642 3181 1670 3236 ct

204 3271 475 3356 25intempestiva
494 3268 699 3334 tumultuatio
720 3268 772 3334 vel
793 3271 877 3334 inter
899 3291 964 3354 eos,
988 3271 1042 3359 qui
1064 3269 1175 3337 eodem
1198 3272 1233 3334 in
1254 3270 1324 3335 loco
1347 3282 1403 3336 aut
1425 3282 1561 3360 propter
1584 3270 1668 3337 babi-

247 3378 326 3432 tant.
365 3367 492 3433 Idcirco
515 3377 623 3432 monet
645 3368 824 3454 collegium,
851 3378 896 3452 ut,
923 3392 1019 3458 quam
1049 3371 1191 3434 maxime
1212 3368 1282 3434 fieri
1313 3379 1434 3456 potest,
1464 3372 1620 3460 strepitus
1640 3373 1670 3437 in

249 3470 341 3533 atriis
369 3478 401 3532 ct
429 3465 587 3553 gradibus
616 3490 655 3532 ae
681 3469 786 3532 ianuis
816 3478 1007 3552 caveantur3
1036 3467 1123 3556 quod
1150 3469 1176 3532 si
1203 3491 1223 3532 a
1248 3470 1356 3534 vicino
1383 3469 1549 3557 quispiam
1577 3470 1671 3536 semel

247 3579 344 3652 atque
364 3568 481 3631 iterum
502 3577 635 3652 rogatus
658 3567 720 3631 sibi
742 3590 806 3631 non
829 3570 1075 3655 temperaverit,
1103 3590 1242 3656 poenam
1269 3569 1350 3639 feret
1377 3568 1503 3634 dimidii
1525 3581 1562 3634 ut
1583 3571 1670 3636 mini·

246 3691 334 3732 mum
357 3668 454 3732 aurei.
499 3666 632 3748 Cursus,
655 3666 765 3748 saltus,
787 3668 899 3749 iactus,
920 3666 1030 3754 pilam,
1050 3691 1176 3733 omnem
1198 3671 1326 3737 omnino
1348 3670 1382 3732 in
1403 3667 1539 3756 collegio
1563 3669 1670 3735 decur-

204 3768 405 3832 serationem
436 3764 658 3853 prohibemus,
688 3765 749 3830 sub
781 3765 893 3831 eadem
923 3788 1046 3853 poena3
1091 3766 1238 3833 similiter
1264 3767 1397 3851 boatus,
1430 3771 1508 3834 item
1536 3770 1670 3834 rusticas

248 3863 311 3954 [47]
337 3866 585 3931 vociferationes
614 3888 633 3929 e
660 3865 824 3948 fenestris,
859 3865 1120 3952 gesticulationes
1155 3877 1186 3931 et
1218 3869 1332 3932 sennia
1364 3878 1396 3933 et
1427 3868 1583 3958 quicquid
1613 3869 1670 3934 hoc

245 3966 375 4030 nomine
399 3964 569 4049 collegium
594 3964 778 4030 dedecorat.
820 3965 976 4031 Nolumus
999 3988 1108 4052 porro,
1138 3968 1352 4053 apparitores,
1380 3978 1478 4033 noctu
1500 3979 1556 4033 aut
1577 3969 1669 4033 inter·

248 4065 303 4130 diu
332 4075 546 4143 transeuntes,
576 4062 679 4128 sibilis
707 4074 762 4128 aut
788 4064 923 4129 vocibus
952 4063 1120 4152 quibusvis
1158 4067 1319 4152 exagitari
1348 4074 1404 4131 aut
1432 4066 1550 4152 quovis
1579 4077 1668 4155 pacto

247 4163 289 4229 ad
320 4163 466 4251 querelas
497 4161 584 4249 apud
616 4174 760 4228 senatum
783 4165 923 4229 incitari.
966 4163 1030 4245 Qui
1059 4166 1265 4229 contemserit
1291 4165 1363 4248 hoc,
1393 4164 1523 4231 decreto
1546 4164 1669 4255 collegii

205 4274 237 4328 35
248 4264 485 4328 severissimam
509 4284 647 4349 poenam
668 4262 757 4327 luito.
1089 4272 1092 4279 '

671 4429 717 4475 DE
739 4428 913 4480 CUSTODlA
933 4431 978 4479 ET
1001 4431 1244 4480 enucleatum.

843 4550 1019 4600 statutum
1037 4550 1070 4601 V.

331 4662 413 4728 Cum
437 4664 530 4727 unius
552 4684 650 4749 saepe
671 4663 783 4748 ignavi
805 4672 861 4727 aut
880 4661 1022 4751 imperiti
1043 4664 1183 4730 bominis
1196 4665 1394 4751 negligentia
1407 4667 1664 4730 incuriavetotae

250 4758 313 4848 [48]
338 4764 581 4829 communitates
604 4761 832 4826 miserabiliter
853 4764 1022 4849 perierint,
1050 4763 1249 4829 obtestamur
1271 4786 1381 4829 omnes
1403 4775 1435 4829 et
1456 4763 1607 4853 singulos,
1633 4771 1662 4826 ut
1679 4786 1729 4827 .-

207 4871 239 4923 ro
252 4862 314 4947 ipsi
336 4862 475 4948 primurn
499 4883 593 4925 omne
612 4860 753 4926 incendii
776 4861 953 4949 periculum
975 4862 1108 4928 consilio
1128 4872 1161 4929 et
1182 4862 1351 4950 diligentia
1369 4885 1430 4928 sua
1443 4871 1729 4950 praecaveant,-

248 4958 364 5024 deinde
385 4970 417 5025 et
439 4960 567 5025 famulis
595 4959 680 5025 hanc
703 4982 813 5025 curam
840 4959 1000 5026 inculcent
1020 4985 1117 5051 quam
1139 4961 1393 5050 diligentissime.
1428 4963 1557 5052 Aquam
1575 4981 1729 5049 prae—

249 5069 338 5122 terea
364 5083 422 5145 per
449 5059 518 5123 dies
544 5069 576 5123 et
597 5068 706 5123 noctes
729 5061 762 5122 in
783 5056 909 5145 hydriis
931 5069 962 5123 et
983 5062 1081 5142 vasis,
1111 5060 1154 5126 ad
1176 5062 1298 5149 primos
1319 5063 1459 5149 impetus
1478 5063 1561 5127 forte
1579 5061 1720 5144 ignc—

250 5158 367 5222 scentis
383 5156 533 5222 flammae
545 5157 791 5242 extinguendos,
810 5156 966 5222 cubiculis
987 5161 1053 5223 suis
1074 5163 1107 5223 in
1129 5170 1258 5246 promtu
1278 5159 1427 5229 habeant
1449 5161 1489 5229 ln
1507 5155 1705 5227 biarchus
