3756 6158
798 482 854 531 Das
871 480 993 531 Pauliner
1009 483 1112 548 colleg.

861 701 934 750 Lex
951 701 1041 751 1111.

329 811 395 893 Qui
416 814 509 879 novis
530 822 605 901 post
625 814 719 879 initia
732 816 942 880 vexationum
963 815 1103 902 amplius
1123 814 1261 883 illudere
1282 826 1339 883 aut
1360 816 1405 883 ab
1426 816 1493 883 illis
1513 820 1653 907 impendii

245 908 366 1000 aliquid
388 913 521 999 exigere
542 936 638 979 ausus
660 914 766 998 firerit,
786 936 919 1002 grossos
941 912 1023 979 duos
1043 914 1184 983 mulctae
1203 918 1333 983 nomine
1354 916 1444 983 dato.

864 1118 933 1167 Lex
950 1116 1035 1169 XIV.

202 1238 219 1293 5
328 1226 485 1294 Similiter
508 1238 540 1294 ct
560 1231 697 1296 vestium
719 1229 957 1297 delormitatem
976 1253 1180 1319 nequaquam
1200 1231 1407 1321 usurpabunt
1426 1214 1535 1323 neque
1552 1234 1587 1300 in
1606 1234 1654 1303 has

243 1328 383 1415 ineptias
410 1330 565 1415 pecunias
593 1330 794 1418 impendent,
824 1330 941 1419 quihus
969 1354 1005 1398 se
1031 1330 1199 1397 abundare
1226 1354 1291 1398 non
1322 1332 1477 1398 fatentur.
1516 1332 1656 1401 Veatierit

243 1427 342 1512 igitur
364 1426 479 1492 horum
500 1436 681 1515 temporum
708 1430 948 1515 consuetudine,
974 1452 1058 1520 quae
1085 1441 1135 1496 est
1162 1454 1234 1496 cum
1255 1430 1413 1497 honestae
1438 1440 1511 1497 tum
1532 1454 1653 1501 commo

244 1525 474 1591 decretionis.
516 1527 637 1612 Scissa,
663 1528 868 1615 discolorata,
891 1530 1029 1619 alligata
1048 1552 1113 1595 non
1140 1528 1331 1618 gestabunt,
1357 1530 1490 1619 togulas
1517 1555 1593 1599 suas
1616 1535 1654 1599 ir

245 1624 353 1708 duent,
382 1647 448 1690 non
468 1627 613 1693 iniieient
643 1628 800 1716 scapulis,
830 1629 956 1697 calceos
984 1631 1032 1697 ita
1059 1628 1306 1695 circumdabunt
1332 1628 1491 1717 pedibus,
1519 1654 1562 1697 ne
1585 1634 1654 1699 inter

204 1735 235 1789 10
243 1723 458 1810 gradiendum
480 1724 680 1809 delabantur,
709 1726 810 1794 libros
830 1740 862 1794 ct
882 1729 1029 1794 chartam
1055 1750 1166 1794 secum
1193 1726 1386 1815 portabunt,
1412 1750 1480 1795 uon
1498 1752 1606 1816 arma3
1628 1733 1654 1799 in

241 1822 383 1912 publico,
405 1824 474 1890 sive
493 1835 587 1891 extra
607 1828 676 1892 sive
696 1829 782 1892 intra
804 1827 912 1911 aedes,
933 1827 1056 1917 absque
1076 1828 1195 1893 tunicis
1218 1826 1271 1893 vel
1292 1826 1363 1892 sine
1384 1828 1509 1895 amictu
1529 1832 1653 1897 exterio·

242 1946 314 1987 rum
334 1924 472 1988 vestium
493 1947 559 1990 non
580 1924 847 2011 diversabuntur3
872 1925 1022 1992 incedent
1043 1936 1129 2015 apte,
1150 1936 1186 1991 ut
1206 1948 1310 2014 neque
1331 1926 1367 1991 in
1393 1936 1491 2014 gestu
1509 1931 1654 2017 usquein

241 2024 407 2108 gressione
439 2022 627 2090 deformitas
664 2027 715 2093 sit.
758 2025 852 2107 Quae
885 2027 913 2091 si
942 2026 1094 2110 fecerint,
1133 2023 1263 2091 laudem
1300 2026 1495 2094 invenerint
1538 2026 1575 2097 si
1603 2038 1669 2097 mn'

242 2122 385 2203 fecerint,
408 2124 548 2209 primum
570 2148 590 2190 a
608 2126 773 2209 magistris
793 2124 1028 2191 admoneantur
1047 2134 1145 2212 atque
1167 2122 1379 2211 obiurgentur
1389 2126 1450 2209 3-'si
1466 2150 1533 2194 non
1551 2126 1656 2195 redditi

206 2222 363 2287 ltfuerint
383 2223 430 2286 ita
449 2221 608 2307 meliores,
628 2247 649 2290 a
670 2223 929 2310 delinquentibus
950 2234 1025 2312 post
1041 2224 1250 2289 monitionem
1270 2222 1446 2311 exigantur
1467 2228 1576 2313 grossi
1595 2226 1655 2295 duo.

875 2428 944 2477 Lex
963 2426 1027 2478 XV.

327 2557 519 2647 Quicunque
539 2557 649 2627 cibum
668 2560 703 2625 in
724 2556 933 2625 contubernio
943 2556 1083 2623 Paulino
1104 2556 1244 2644 capient,
1262 2576 1339 2623 cum
1351 2557 1522 2637 tenuitatis
1542 2558 1654 2629 illorum

245 2659 328 2721 ratio
349 2656 508 2724 habeatur
529 2670 562 2724 et
582 2660 645 2746 ipsi
667 2657 876 2723 illustrissimi
896 2657 1055 2744 principis
1076 2653 1273 2722 liberalitate
1295 2665 1430 2743 sumptu
1451 2656 1653 2743 subleventur,

244 2780 305 2844 par
326 2779 381 2822 eos
401 2758 498 2822 fucrit
516 2757 736 2824 moderatione
757 2779 817 2821 sua
838 2765 870 2821 et
889 2755 1087 2821 verecundia
1106 2764 1203 2843 atque
1226 2756 1325 2820 etiam
1346 2753 1518 2823 honestate
1542 2768 1653 2845 gramm

203 2857 387 2921 marimum
414 2856 456 2922 ob
483 2857 568 2923 hanc
594 2855 839 2923 beneficentiam
867 2854 1051 2938 declarare;
1081 2852 1221 2942 ideoque
1247 2855 1391 2940 primum
1418 2858 1546 2941 gratias
1572 2867 1653 2944 agent

244 2955 316 3037 deo,
339 2963 414 3020 ante
433 2967 465 3021 et
486 2966 563 3043 post
583 2956 689 3021 cibum
710 2953 881 3021 laudantes
903 2962 1030 3041 patrem
1052 2953 1174 3020 domini
1193 2954 1299 3019 nostri
1322 2954 1400 3019 Iesu
1423 2952 1559 3039 Christi,
1578 2970 1651 3023 auto

244 3078 313 3120 rem
340 3056 482 3120 omnium
508 3054 666 3120 bonorum
693 3053 804 3141 (idque
825 3053 866 3119 de
888 3055 1035 3120 instituto
1056 3054 1287 3140 magistrorum
1308 3058 1472 3140 qnamor),
1499 3052 1650 3123 deindeiu

244 3178 355 3220 mensa
374 3177 480 3243 noque
501 3153 596 3220 dictis
617 3176 722 3242 neque
742 3154 838 3218 factis
859 3152 1077 3241 petulantibus
1099 3161 1238 3218 utentur.
1273 3151 1387 3238 Neque
1407 3154 1581 3243 quiequam
1600 3154 1649 3221 ullo

245 3266 389 3340 tempore
411 3265 466 3318 aut
487 3253 558 3319 loco
572 3255 607 3317 in
625 3252 835 3319 contubernio
857 3253 1017 3338 frangent,
1039 3262 1199 3338 rumpent,
1221 3249 1379 3335 scindent,
1403 3251 1559 3339 polluent,
1575 3254 1648 3321 muti·

204 3352 368 3437 251abunt,
389 3351 615 3418 deformabunt
635 3353 796 3436 iaciendo,
814 3350 970 3434 feriendo,
989 3349 1197 3437 impellendo,
1211 3350 1475 3436 contaminando,
1496 3352 1646 3442 pingendo,

244 3450 404 3534 fodiendo,
433 3450 617 3538 scalpendo,
647 3452 785 3540 denique
806 3472 996 3538 quacunque
1014 3451 1140 3515 ratione
1162 3463 1219 3515 aut
1238 3452 1303 3516 via
1342 3450 1448 3517 Nemo
1472 3454 1508 3521 in
1532 3453 1646 3521 alterum

245 3554 416 3640 quicquam
436 3551 630 3617 iaculabitur
652 3551 712 3617 sub
735 3553 827 3617 tectis
849 3560 905 3615 aut
925 3559 1039 3636 aperto
1060 3548 1158 3613 coelo.
1188 3547 1253 3629 Qui
1271 3549 1388 3617 horum
1406 3551 1533 3640 aliquid
1550 3553 1643 3618 fecisse

245 3652 412 3717 convictus
441 3652 553 3734 fuerit,
586 3650 627 3715 ob
656 3649 806 3738 quodque
837 3650 988 3716 delictum
1025 3648 1139 3714 solvito
1171 3672 1303 3735 grossos
1338 3650 1421 3717 duos
1455 3662 1489 3718 et
1518 3652 1644 3719 damnum

246 3752 356 3817 datum
379 3760 549 3839 praestare
572 3752 708 3839 cogitor.
1187 3776 1190 3781 ·

204 3895 238 3950 30
876 3885 945 3935 nex
964 3884 1043 3935 xvr.

327 4000 519 4088 Quicunque
540 4000 629 4088 apud
649 4022 835 4066 mensarum
856 3999 1040 4087 praesidem
1060 4020 1117 4063 seu
1137 4020 1346 4065 oeconomum
1366 4000 1565 4079 inscribitur,
1580 3998 1643 4065 huno

245 4088 371 4190 oportet
397 4110 528 4165 nostrae
554 4100 741 4166 academiae
771 4097 944 4180 subditum,
973 4108 1125 4164 consueta
1145 4100 1319 4165 vexatione
1345 4101 1520 4184 initiatum,
1546 4098 1643 4166 hahere

246 4209 488 4290 praeceptorem
511 4210 633 4265 certum
654 4210 687 4265 et
707 4221 830 4280 verum,
844 4208 885 4263 et
905 4196 1061 4280 indicare,
1082 4195 1139 4263 ubi
1160 4198 1303 4264 locorum
1325 4199 1462 4284 habitet,
1478 4218 1643 4289 praesume

246 4323 321 4367 rarc
347 4299 501 4388 quicquid
527 4309 634 4386 potest
662 4299 818 4386 pecuniae
843 4318 904 4362 nec
923 4297 1009 4361 ultra
1034 4318 1176 4363 mensem
1197 4297 1330 4365 differre
1352 4298 1508 4367 debitum.
1548 4299 1610 4365 Hoc
1624 4294 1644 4356 ti

206 4414 312 4468 35n0n
331 4401 420 4480 facit,
443 4400 592 4465 convictu
612 4397 742 4465 excludi
763 4407 796 4462 et
816 4395 904 4484 apud
930 4405 1088 4462 rectorem
1110 4398 1277 4464 conveniri
1303 4422 1474 4489 poenaque
1499 4396 1644 4487 relegatio

248 4503 299 4567 nis
321 4498 470 4565 damnari
492 4501 617 4587 poterit
1317 4516 1320 4521 '

860 4634 931 4684 Lex
947 4632 1048 4683 XVII.

330 4750 395 4832 Qui
422 4749 589 4837 paulisper
615 4748 707 4814 abest
731 4770 792 4813 neo
819 4747 999 4813 absentiam
1025 4749 1089 4835 ipsi
1116 4748 1260 4836 praesidi
1286 4747 1421 4831 indicat,
1448 4748 1581 4815 habetur
1600 4764 1644 4833 pro

249 4873 298 4933 eo,
321 4852 377 4937 qui
405 4870 561 4937 praesens
582 4861 632 4914 est
654 4859 686 4914 et
713 4849 817 4914 locum
845 4849 1017 4934 pristinum
1046 4850 1169 4913 retinet
1211 4846 1277 4928 Qui
1297 4871 1376 4915 vero
1404 4848 1489 4936 sugit
1513 4857 1569 4915 aut
1589 4864 1643 4933 per

209 4952 350 5016 tomissa
375 4949 523 5015 absentia
548 4971 614 5014 non
641 4949 823 5029 revertitur,
851 4955 908 5012 aut
934 4948 1050 5034 quovis
1075 4946 1149 5015 dolo
1170 4946 1256 5013 malo
1284 4947 1406 5013 mensis
1426 4947 1577 5017 mum
1592 4941 1642 5019 (lli

247 5050 277 5115 is
298 5057 373 5135 post
400 5051 591 5115 monitiones
615 5070 674 5136 per
696 5046 837 5112 edictum
857 5046 1055 5133 relegabitur
1076 5069 1117 5113 ex
1140 5055 1297 5133 perpetuo
1317 5047 1506 5117 academiae
1525 5046 1641 5117 deotolt,

251 5146 338 5238 quod
359 5148 571 5215 condiderunt
593 5146 761 5214 consilium
782 5154 815 5211 et
832 5145 1019 5213 decemviri.
