3756 6158
246 457 304 522 136
710 457 766 508 Des
783 456 918 508 Iohannes
934 457 1014 507 Fabri
1032 458 1064 508 de
1083 459 1196 510 Werdcs

244 635 337 702 electi
357 639 436 704 sitis.
478 637 563 703 Eam
584 637 684 724 igitur
705 638 898 727 dignitatern
919 643 1141 728 praesentium
1163 640 1355 707 auctoritate
1375 641 1468 707 vobis
1484 640 1667 725 deferimus,

243 739 371 802 omnino
393 747 578 823 sperantes,
606 738 693 825 quod
723 738 855 827 publica
876 743 1015 827 privatis
1044 738 1268 828 anteponendo
1291 740 1339 805 ita
1359 763 1418 828 per
1440 741 1502 806 hoc
1524 737 1670 806 brumale

243 844 371 922 tempus
392 859 462 901 rem
483 846 628 900 nostram
648 837 842 904 litterariam
864 839 1124 906 administraturi
1146 840 1233 921 sitis,
1254 849 1290 903 ut
1311 838 1586 926 periculosissimo
1606 838 1669 903 isto

242 933 371 1000 saeculo
401 944 564 1023 uteunque
597 957 617 1000 a
646 939 763 1003 maiori
790 938 886 1004 urina
915 951 947 1005 et
978 938 1164 1005 calamitate
1196 947 1442 1025 praeservetur,
1476 937 1573 1004 vobis
1608 935 1668 1003 sub

218 1033 364 1098 tmulcta
390 1035 425 1098 in
452 1036 580 1098 statutis
609 1037 730 1101 nostris
758 1061 916 1124 expressa
944 1037 1194 1120 demandantes,
1229 1045 1265 1102 ut
1301 1037 1496 1124 posthabitis
1522 1037 1669 1125 negociis

243 1131 392 1197 omnibus
418 1132 506 1198 illico
534 1133 576 1198 ad
602 1157 661 1199 nos
693 1137 755 1200 iter
787 1139 982 1225 arripientes
1010 1146 1190 1203 rectoratus
1210 1137 1439 1221 magistratum
1458 1132 1547 1224 [531]
1570 1135 1669 1201 susci·

243 1232 353 1317 piatis,
384 1241 440 1296 aut
470 1254 579 1296 coram
608 1233 742 1300 consilio
772 1245 884 1302 nostro
911 1239 1005 1301 iuxta
1029 1246 1224 1302 statutorum
1250 1245 1435 1301 nostrorum
1462 1234 1670 1324 praescripta

244 1331 459 1396 recusationis
481 1353 597 1396 causas
619 1332 835 1419 personaliter
855 1334 1049 1421 allegabitis.
1090 1335 1214 1400 Verum
1234 1334 1505 1420 praestantiorem
1520 1335 1670 1399 novimus

247 1430 504 1495 aestimationem
526 1439 686 1514 vestram,
707 1454 824 1497 nomen
845 1433 1020 1517 celebrius,
1042 1435 1129 1499 vitae
1152 1432 1327 1498 candorem
1349 1434 1575 1516 sinceriorem,
1596 1452 1669 1518 gre·

204 1538 236 1592 10
245 1527 416 1594 titudinem
444 1551 524 1616 erga
549 1532 756 1616 gymnasium
782 1542 946 1614 nostrum,
977 1542 1112 1598 matrem
1139 1542 1300 1613 vostram,
1330 1533 1488 1598 maiorem
1516 1552 1618 1617 quem
1636 1539 1671 1595 ut

244 1627 425 1715 periculoso
447 1628 510 1693 hoc
528 1637 685 1716 tempore,
707 1629 940 1697 fluctuantibus
960 1632 1084 1719 passim
1106 1630 1222 1698 studiis
1245 1632 1278 1695 in
1300 1642 1392 1696 tanta
1413 1631 1559 1696 omnium
1573 1627 1669 1695 licen·

245 1729 307 1801 tia,
336 1726 521 1813 respublica
551 1724 688 1793 nostra¹
717 1739 826 1795 vestro
857 1753 892 1794 se
912 1729 1035 1796 auxilio
1056 1731 1203 1817 indigere
1224 1728 1399 1817 aliquando
1422 1728 1578 1817 conqueri
1597 1750 1669 1815 pos

247 1828 298 1891 sit.
340 1824 458 1890 Venite
492 1826 593 1913 igitur
628 1836 724 1915 atque
754 1827 841 1913 quod
872 1829 912 1894 de
944 1831 1145 1917 praestantia
1176 1838 1287 1893 vestra
1316 1827 1411 1894 nobis
1436 1824 1670 1915 persuademus

246 1932 421 2013 praestate.
442 1924 566 1994 Valete.
594 1925 703 1991 Datae
723 1926 869 2015 Lypsiae
888 1929 961 2015 ipso
984 1927 1038 1993 die
1055 1926 1143 1993 Galli
1160 1951 1180 1993 a
1190 1926 1340 2015 prandio,
1363 1922 1670 1993 annollDXXIllL

206 2136 237 2191 15
644 2131 711 2194 tto.
740 2122 800 2213 [Bl.
822 2126 895 2213 54²]
927 2143 1046 2194 ronna
1068 2142 1277 2193 0111110111.

329 2258 397 2324 Nos
418 2258 556 2323 Ioannes
579 2257 771 2340 Reuschius,
794 2260 913 2324 artium
934 2262 1090 2346 magister
1112 2268 1182 2341 etc,
1206 2257 1301 2329 huius
1322 2257 1427 2323 almae
1449 2258 1670 2325 universitatis

246 2366 367 2438 rector,
394 2356 524 2447 publice
551 2357 689 2423 citamus
719 2357 885 2425 dominum
912 2359 1105 2445 magistrum
1139 2357 1319 2443 Georgium
1346 2356 1469 2444 Weyss
1508 2357 1605 2446 eique
1632 2356 1671 2423 dc

247 2478 337 2523 more
358 2466 516 2522 arrestum
539 2454 713 2540 edicimus,
744 2480 786 2523 ne
813 2459 884 2523 sine
903 2457 1047 2545 partium
1069 2467 1166 2543 atque
1187 2455 1270 2521 adeo
1291 2457 1361 2522 sine
1382 2464 1493 2521 nostro
1514 2478 1670 2522 consensu

246 2556 323 2621 hinc
343 2555 457 2639 abeat,
486 2555 544 2621 sed
569 2556 657 2621 intra
684 2556 825 2622 triduum
848 2579 958 2622 coram
980 2554 1075 2622 nobis
1096 2557 1160 2622 iuri
1181 2557 1275 2621 sistat
1292 2553 1507 2642 partibusque
1528 2562 1561 2617 et
1579 2552 1669 2619 nobis

205 2656 438 2722 ttsatisfaeiet.
466 2653 599 2741 Alioqui
620 2654 707 2721 dicto
727 2658 884 2743 temporis
905 2654 1026 2720 effluxo
1048 2657 1194 2737 termino,
1216 2655 1286 2720 eius
1301 2652 1523 2720 contumatie²
1543 2652 1671 2717 minime

247 2753 407 2837 obstante,
430 2753 578 2842 partibus
600 2753 759 2820 adsistere
780 2754 925 2843 illisque,
947 2754 1072 2820 iustitia
1092 2756 1139 2819 ita
1161 2752 1361 2840 postulante,
1383 2751 1507 2818 auxilio
1530 2773 1603 2817 esse
1623 2772 1682 2816 oo.

248 2876 374 2941 gemur.
415 2853 494 2921 Dat.
516 2863 698 2919 rectoratus
722 2853 783 2919 sub
806 2851 923 2939 sigillo.

731 3041 798 3101 111.
830 3051 949 3101 rosus
971 3052 1183 3101 rssrmouu.

329 3167 546 3253 Agnoscimus
566 3164 629 3231 hac
650 3165 851 3254 syngrapha,
873 3166 1054 3233 studiosum
1071 3166 1251 3251 Georgium
1259 3164 1391 3253 Renigk
1407 3164 1581 3251 Cygneum
1596 3164 1669 3230 llis·

205 3268 357 3332 25nensis
379 3264 535 3347 diocesis,
555 3266 659 3330 nostri
680 3268 843 3352 gymnasii
866 3266 1086 3348 scolasticum,
1105 3265 1165 3330 sub
1185 3262 1603 3349 magistratu'venerebilis
1619 3262 1679 3329 do·-

247 3367 328 3430 mini
354 3366 485 3431 Ioannis
512 3362 667 3430 Reuschii
692 3365 834 3430 Fontani
862 3376 920 3432 etc.
948 3389 1033 3431 anno
1057 3364 1263 3431 MDXXIIII
1288 3361 1401 3429 Idibus
1423 3358 1511 3449 [54l]
1533 3361 1670 3449 Augusti

249 3464 422 3530 scolastico
444 3462 553 3529 ordini
571 3462 788 3550 adscriptum,
812 3464 1003 3551 publimque
1023 3473 1191 3545 testamur,
1214 3484 1286 3528 eum
1310 3484 1444 3549 operam
1470 3460 1525 3527 hic
1544 3460 1671 3527 dedisse

248 3563 365 3628 litteris
386 3586 507 3628 annum
527 3572 559 3627 et
581 3561 760 3628 dimidium.
802 3562 847 3629 Et
875 3565 952 3650 quia
976 3561 1066 3649 apud
1086 3584 1145 3627 nos
1168 3563 1236 3625 cius
1258 3573 1324 3627 tum
1348 3560 1456 3626 studia
1477 3569 1548 3627 tum
1568 3582 1671 3626 mores

249 3662 381 3726 minime
408 3662 494 3727 male
521 3660 670 3742 audiunt,
705 3683 767 3748 pro
790 3662 890 3727 ollitio
910 3684 982 3727 eum
1003 3661 1090 3727 haud
1110 3662 1274 3748 gravatim
1294 3658 1444 3726 omnibus
1466 3659 1671 3725 commenda·

207 3770 341 3842 tomus,
372 3782 509 3848 quorum
530 3769 579 3824 est
602 3782 664 3845 ope
685 3783 819 3842 usurus,
846 3771 1076 3848 optamusque,
1105 3770 1140 3824 ut
1160 3761 1229 3824 eius
1250 3758 1366 3824 honori
1387 3758 1509 3845 optime
1528 3757 1671 3824 eonsule-

249 3868 311 3923 tur.
354 3858 404 3924 Ne
430 3861 501 3947 quis
529 3858 571 3924 de
599 3859 782 3924 litterarum
812 3859 876 3925 fide
900 3858 1080 3942 dubitaret,
1110 3860 1238 3944 signum
1260 3857 1405 3923 additum
1426 3867 1493 3939 est,
1521 3879 1586 3946 qno
1607 3858 1671 3922 iere

251 3960 297 4023 uti
319 3955 449 4045 publice
469 3956 618 4023 solemus.
658 3957 768 4023 Datae
789 3968 850 4023 etc.

543 4144 612 4206 111.
642 4130 809 4206 sonuum
829 4158 898 4206 reo
923 4157 1190 4207 1011111111υο
1211 4157 1384 4207 sacroru.

332 4270 415 4337 Cras
437 4294 458 4338 a
477 4274 627 4337 contione
648 4271 736 4359 apud
758 4271 871 4337 divum
892 4272 1063 4338 Nicolaum
1083 4296 1187 4339 novus
1212 4283 1326 4341 rector,
1340 4271 1381 4338 de
1401 4293 1493 4337 more
1514 4294 1669 4338 commen·

206 4366 389 4453 35dabitur,
410 4369 520 4460 illique
534 4381 665 4436 senatus
683 4382 855 4437 consuetus
876 4371 1091 4459 cooptabitur.
1126 4372 1264 4438 Mandat
1283 4373 1393 4457 itaque
1412 4369 1500 4436 idem
1522 4368 1669 4437 domiuus

247 4478 354 4534 rector
376 4470 524 4535 omnibus
546 4480 577 4535 et
599 4471 735 4556 singulis
756 4480 827 4554 ete,
860 4493 923 4559 quo
945 4470 1005 4535 sub
1025 4470 1111 4535 idem
1132 4480 1261 4559 tempus
1280 4470 1406 4537 decenti
1421 4470 1543 4535 vestitu
1563 4470 1669 4535 amicti

248 4569 283 4632 iu
303 4567 431 4654 collegii
451 4570 584 4635 maioris
604 4569 738 4635 lectorio
760 4570 905 4635 maximo
926 4570 1109 4634 venientem
1130 4579 1289 4636 rectorem
1307 4578 1491 4657 expectent,
1514 4590 1668 4634 commen·

248 4665 371 4733 dationi
399 4668 564 4750 intersint,
593 4691 653 4734 nee
680 4679 756 4734 ante
783 4669 947 4734 facessant
967 4690 1065 4756 quam
1087 4668 1306 4752 consiliarios,
1334 4689 1517 4741 assessores
1539 4664 1667 4741 etiudi·

249 4764 346 4829 ciales
359 4761 444 4852 [55⁸]
456 4766 585 4849 habeat,
597 4766 657 4833 sub
669 4790 775 4856 poena
787 4778 925 4853 quatuor
935 4790 1126 4854 grossorum
1136 4769 1341 4834 universitati
1352 4765 1599 4855 pendendorum
1612 4772 1666 4831 stc

318 5032 329 5082 1
349 5026 536 5085 GeechrIeben
553 5028 628 5084 steht
645 5031 841 5101 respublicas
856 5039 988 5087 10111111.

256 5160 260 5165 .
317 5110 538 5168 tGescbrieben
556 5111 592 5167 ist
608 5115 815 5170 emanatione.
998 5146 1004 5179 t
