<?xml version="1.0" encoding="UTF-8"?>
<!DOCTYPE html PUBLIC "-//W3C//DTD XHTML 1.0 Transitional//EN"
    "http://www.w3.org/TR/xhtml1/DTD/xhtml1-transitional.dtd">
<html xmlns="http://www.w3.org/1999/xhtml" xml:lang="en" lang="en">
 <head>
  <title>
</title>
<meta http-equiv="Content-Type" content="text/html;charset=utf-8" />
  <meta name='ocr-system' content='tesseract 3.04.00' />
  <meta name='ocr-capabilities' content='ocr_page ocr_carea ocr_par ocr_line ocrx_word'/>
</head>
<body>
  <div class='ocr_page' id='page_1' title='image "./diestatutenbche00univgoog_0559.png"; bbox 0 0 3756 6158; ppageno 0'>
   <div class='ocr_carea' id='block_1_1' title="bbox 735 502 1173 569">
    <p class='ocr_par' dir='ltr' id='par_1_1' title="bbox 735 502 1173 569">
     <span class='ocr_line' id='line_1_1' title="bbox 735 502 1173 569; baseline 0.014 -15"><span class='ocrx_word' id='word_1_1' title='bbox 735 502 785 555; x_wconf 90' lang='lat' dir='ltr'>Dic</span> <span class='ocrx_word' id='word_1_2' title='bbox 811 503 1028 569; x_wconf 84' lang='lat' dir='ltr'>philosophische</span> <span class='ocrx_word' id='word_1_3' title='bbox 1047 505 1173 561; x_wconf 69' lang='lat' dir='ltr'>Faculttt.</span> 
     </span>
    </p>
   </div>
   <div class='ocr_carea' id='block_1_2' title="bbox 867 691 1043 756">
    <p class='ocr_par' dir='ltr' id='par_1_2' title="bbox 867 691 1043 756">
     <span class='ocr_line' id='line_1_2' title="bbox 867 691 1043 756; baseline 0.006 -14"><span class='ocrx_word' id='word_1_4' title='bbox 867 691 973 756; x_wconf 81' lang='lat' dir='ltr'>Caput</span> <span class='ocrx_word' id='word_1_5' title='bbox 994 693 1043 743; x_wconf 86' lang='lat'>111.</span> 
     </span>
    </p>
   </div>
   <div class='ocr_carea' id='block_1_3' title="bbox 204 797 1663 1388">
    <p class='ocr_par' dir='ltr' id='par_1_3' title="bbox 245 797 1662 1094">
     <span class='ocr_line' id='line_1_3' title="bbox 328 797 1660 896; baseline 0.004 -29"><span class='ocrx_word' id='word_1_6' title='bbox 328 797 455 889; x_wconf 85' lang='lat' dir='ltr'>[S.l36]</span> <span class='ocrx_word' id='word_1_7' title='bbox 481 801 546 883; x_wconf 77' lang='lat' dir='ltr'>Qui</span> <span class='ocrx_word' id='word_1_8' title='bbox 567 812 776 870; x_wconf 89' lang='lat' dir='ltr'>externorum</span> <span class='ocrx_word' id='word_1_9' title='bbox 797 805 927 872; x_wconf 90' lang='lat' dir='ltr'>caedem</span> <span class='ocrx_word' id='word_1_10' title='bbox 950 817 1006 872; x_wconf 90' lang='lat' dir='ltr'>aut</span> <span class='ocrx_word' id='word_1_11' title='bbox 1030 807 1169 896; x_wconf 90' lang='lat' dir='ltr'>capitale</span> <span class='ocrx_word' id='word_1_12' title='bbox 1189 807 1314 872; x_wconf 84' lang='lat' dir='ltr'>facinus</span> <span class='ocrx_word' id='word_1_13' title='bbox 1337 806 1427 874; x_wconf 87' lang='lat' dir='ltr'>aliud</span> <span class='ocrx_word' id='word_1_14' title='bbox 1448 808 1572 890; x_wconf 84' lang='lat' dir='ltr'>fecerit,</span> <span class='ocrx_word' id='word_1_15' title='bbox 1594 830 1660 872; x_wconf 93' lang='lat' dir='ltr'>eum</span> 
     </span>
     <span class='ocr_line' id='line_1_4' title="bbox 245 902 1661 994; baseline 0.005 -29"><span class='ocrx_word' id='word_1_16' title='bbox 245 923 340 967; x_wconf 88' lang='lat' dir='ltr'>nemo</span> <span class='ocrx_word' id='word_1_17' title='bbox 364 924 405 966; x_wconf 89' lang='lat' dir='ltr'>ex</span> <span class='ocrx_word' id='word_1_18' title='bbox 427 902 591 990; x_wconf 81' lang='lat' dir='ltr'>inquilinis</span> <span class='ocrx_word' id='word_1_19' title='bbox 615 906 719 969; x_wconf 88' lang='lat' dir='ltr'>sciens</span> <span class='ocrx_word' id='word_1_20' title='bbox 741 905 829 991; x_wconf 88' lang='lat' dir='ltr'>apud</span> <span class='ocrx_word' id='word_1_21' title='bbox 858 930 892 972; x_wconf 89' lang='lat' dir='ltr'>se</span> <span class='ocrx_word' id='word_1_22' title='bbox 919 908 1101 994; x_wconf 82' lang='lat' dir='ltr'>perfugium</span> <span class='ocrx_word' id='word_1_23' title='bbox 1122 906 1243 972; x_wconf 90' lang='lat' dir='ltr'>habere</span> <span class='ocrx_word' id='word_1_24' title='bbox 1270 906 1399 989; x_wconf 88' lang='lat' dir='ltr'>iubeat,</span> <span class='ocrx_word' id='word_1_25' title='bbox 1422 931 1516 973; x_wconf 87' lang='lat' dir='ltr'>suam</span> <span class='ocrx_word' id='word_1_26' title='bbox 1543 906 1661 972; x_wconf 90' lang='lat' dir='ltr'>habita·</span> 
     </span>
     <span class='ocr_line' id='line_1_5' title="bbox 247 1001 1662 1094; baseline 0.005 -30"><span class='ocrx_word' id='word_1_27' title='bbox 247 1001 366 1066; x_wconf 89' lang='lat' dir='ltr'>tionem</span> <span class='ocrx_word' id='word_1_28' title='bbox 389 1001 431 1065; x_wconf 90' lang='lat' dir='ltr'>ad</span> <span class='ocrx_word' id='word_1_29' title='bbox 453 1001 514 1067; x_wconf 92' lang='lat' dir='ltr'>hoc</span> <span class='ocrx_word' id='word_1_30' title='bbox 534 1001 580 1066; x_wconf 92' lang='lat' dir='ltr'>illi</span> <span class='ocrx_word' id='word_1_31' title='bbox 603 1004 765 1070; x_wconf 85' lang='lat' dir='ltr'>offerendo</span> <span class='ocrx_word' id='word_1_32' title='bbox 788 1007 1015 1092; x_wconf 89' lang='lat' dir='ltr'>aperiendove.</span> <span class='ocrx_word' id='word_1_33' title='bbox 1066 1007 1131 1087; x_wconf 78' lang='lat' dir='ltr'>Qui</span> <span class='ocrx_word' id='word_1_34' title='bbox 1150 1006 1279 1089; x_wconf 85' lang='lat' dir='ltr'>fecerit,</span> <span class='ocrx_word' id='word_1_35' title='bbox 1298 1008 1326 1070; x_wconf 92' lang='lat' dir='ltr'>is</span> <span class='ocrx_word' id='word_1_36' title='bbox 1348 1007 1518 1094; x_wconf 88' lang='lat' dir='ltr'>persolvat</span> <span class='ocrx_word' id='word_1_37' title='bbox 1537 1006 1662 1072; x_wconf 86' lang='lat' dir='ltr'>multam</span> 
     </span>
    </p>

    <p class='ocr_par' dir='ltr' id='par_1_4' title="bbox 204 1099 1663 1388">
     <span class='ocr_line' id='line_1_6' title="bbox 204 1099 1663 1195; baseline 0.006 -33"><span class='ocrx_word' id='word_1_38' title='bbox 204 1107 221 1162; x_wconf 80' lang='lat'>⁵</span> <span class='ocrx_word' id='word_1_39' title='bbox 251 1099 437 1167; x_wconf 89' lang='lat' dir='ltr'>florinorum</span> <span class='ocrx_word' id='word_1_40' title='bbox 459 1120 491 1166; x_wconf 89' lang='lat' dir='ltr'>v.</span> <span class='ocrx_word' id='word_1_41' title='bbox 533 1101 745 1169; x_wconf 92' lang='lat' dir='ltr'>Prohibemus</span> <span class='ocrx_word' id='word_1_42' title='bbox 775 1108 888 1187; x_wconf 87' lang='lat' dir='ltr'>etiam,</span> <span class='ocrx_word' id='word_1_43' title='bbox 917 1107 950 1170; x_wconf 93' lang='lat' dir='ltr'>in</span> <span class='ocrx_word' id='word_1_44' title='bbox 977 1105 1214 1173; x_wconf 82' lang='lat' dir='ltr'>habitationum</span> <span class='ocrx_word' id='word_1_45' title='bbox 1244 1105 1414 1172; x_wconf 89' lang='lat' dir='ltr'>conclavia</span> <span class='ocrx_word' id='word_1_46' title='bbox 1441 1108 1547 1194; x_wconf 81' lang='lat' dir='ltr'>recipi</span> <span class='ocrx_word' id='word_1_47' title='bbox 1573 1108 1663 1195; x_wconf 91' lang='lat' dir='ltr'>inque</span> 
     </span>
     <span class='ocr_line' id='line_1_7' title="bbox 248 1197 1663 1294; baseline 0.005 -31"><span class='ocrx_word' id='word_1_48' title='bbox 248 1197 313 1264; x_wconf 91' lang='lat' dir='ltr'>illis</span> <span class='ocrx_word' id='word_1_49' title='bbox 334 1202 438 1265; x_wconf 82' lang='lat' dir='ltr'>t&#39;overi</span> <span class='ocrx_word' id='word_1_50' title='bbox 461 1200 594 1288; x_wconf 87' lang='lat' dir='ltr'>opifices</span> <span class='ocrx_word' id='word_1_51' title='bbox 623 1204 868 1292; x_wconf 89' lang='lat' dir='ltr'>qualescunque.</span> <span class='ocrx_word' id='word_1_52' title='bbox 912 1205 978 1289; x_wconf 79' lang='lat' dir='ltr'>Qui</span> <span class='ocrx_word' id='word_1_53' title='bbox 1005 1208 1165 1294; x_wconf 80' lang='lat' dir='ltr'>receperit</span> <span class='ocrx_word' id='word_1_54' title='bbox 1190 1205 1376 1293; x_wconf 83' lang='lat' dir='ltr'>diutiusque</span> <span class='ocrx_word' id='word_1_55' title='bbox 1403 1206 1514 1273; x_wconf 91' lang='lat' dir='ltr'>triduo</span> <span class='ocrx_word' id='word_1_56' title='bbox 1544 1207 1663 1287; x_wconf 82' lang='lat' dir='ltr'>foverit,</span> 
     </span>
     <span class='ocr_line' id='line_1_8' title="bbox 250 1298 875 1388; baseline 0.013 -26"><span class='ocrx_word' id='word_1_57' title='bbox 250 1298 364 1367; x_wconf 82' lang='lat' dir='ltr'>solvito</span> <span class='ocrx_word' id='word_1_58' title='bbox 387 1299 521 1367; x_wconf 89' lang='lat' dir='ltr'>multam</span> <span class='ocrx_word' id='word_1_59' title='bbox 543 1303 734 1388; x_wconf 79' lang='lat' dir='ltr'>quadrantis</span> <span class='ocrx_word' id='word_1_60' title='bbox 759 1304 875 1370; x_wconf 91' lang='lat' dir='ltr'>florini.</span> 
     </span>
    </p>
   </div>
   <div class='ocr_carea' id='block_1_4' title="bbox 865 1476 1049 1539">
    <p class='ocr_par' dir='ltr' id='par_1_5' title="bbox 865 1476 1049 1539">
     <span class='ocr_line' id='line_1_9' title="bbox 865 1476 1049 1539; baseline 0 -13"><span class='ocrx_word' id='word_1_61' title='bbox 865 1476 973 1539; x_wconf 82' lang='lat' dir='ltr'>Caput</span> <span class='ocrx_word' id='word_1_62' title='bbox 989 1476 1049 1527; x_wconf 91' lang='lat'>1111.</span> 
     </span>
    </p>
   </div>
   <div class='ocr_carea' id='block_1_5' title="bbox 208 1586 1671 4164">
    <p class='ocr_par' dir='ltr' id='par_1_6' title="bbox 208 1586 1671 4164">
     <span class='ocr_line' id='line_1_10' title="bbox 330 1586 1661 1675; baseline 0.001 -23"><span class='ocrx_word' id='word_1_63' title='bbox 330 1586 396 1667; x_wconf 80' lang='lat' dir='ltr'>Qui</span> <span class='ocrx_word' id='word_1_64' title='bbox 417 1586 572 1653; x_wconf 88' lang='lat' dir='ltr'>conduxit</span> <span class='ocrx_word' id='word_1_65' title='bbox 595 1587 846 1669; x_wconf 86' lang='lat' dir='ltr'>habitationem,</span> <span class='ocrx_word' id='word_1_66' title='bbox 867 1600 903 1657; x_wconf 91' lang='lat' dir='ltr'>ut</span> <span class='ocrx_word' id='word_1_67' title='bbox 931 1614 969 1656; x_wconf 89' lang='lat' dir='ltr'>ea</span> <span class='ocrx_word' id='word_1_68' title='bbox 990 1600 1099 1656; x_wconf 89' lang='lat' dir='ltr'>utatur</span> <span class='ocrx_word' id='word_1_69' title='bbox 1125 1590 1212 1656; x_wconf 87' lang='lat' dir='ltr'>ultra</span> <span class='ocrx_word' id='word_1_70' title='bbox 1232 1598 1361 1675; x_wconf 88' lang='lat' dir='ltr'>tempus</span> <span class='ocrx_word' id='word_1_71' title='bbox 1383 1586 1569 1670; x_wconf 84' lang='lat' dir='ltr'>locationis,</span> <span class='ocrx_word' id='word_1_72' title='bbox 1592 1588 1661 1673; x_wconf 73' lang='lat' dir='ltr'>cogi</span> 
     </span>
     <span class='ocr_line' id='line_1_11' title="bbox 209 1686 1667 1779; baseline 0.003 -31"><span class='ocrx_word' id='word_1_73' title='bbox 209 1694 313 1750; x_wconf 85' lang='lat' dir='ltr'>tonon</span> <span class='ocrx_word' id='word_1_74' title='bbox 335 1686 439 1752; x_wconf 91' lang='lat' dir='ltr'>debet.</span> <span class='ocrx_word' id='word_1_75' title='bbox 482 1689 553 1753; x_wconf 90' lang='lat' dir='ltr'>Nisi</span> <span class='ocrx_word' id='word_1_76' title='bbox 581 1698 689 1754; x_wconf 89' lang='lat' dir='ltr'>autem</span> <span class='ocrx_word' id='word_1_77' title='bbox 716 1689 907 1778; x_wconf 90' lang='lat' dir='ltr'>inquilinum</span> <span class='ocrx_word' id='word_1_78' title='bbox 934 1713 970 1756; x_wconf 90' lang='lat' dir='ltr'>se</span> <span class='ocrx_word' id='word_1_79' title='bbox 998 1689 1154 1779; x_wconf 89' lang='lat' dir='ltr'>praebeat</span> <span class='ocrx_word' id='word_1_80' title='bbox 1174 1688 1390 1770; x_wconf 85' lang='lat' dir='ltr'>tolerabilem,</span> <span class='ocrx_word' id='word_1_81' title='bbox 1419 1687 1545 1754; x_wconf 89' lang='lat' dir='ltr'>locator</span> <span class='ocrx_word' id='word_1_82' title='bbox 1565 1697 1667 1775; x_wconf 85' lang='lat' dir='ltr'>potest</span> 
     </span>
     <span class='ocr_line' id='line_1_12' title="bbox 249 1787 1667 1876; baseline 0.001 -27"><span class='ocrx_word' id='word_1_83' title='bbox 249 1795 375 1873; x_wconf 89' lang='lat' dir='ltr'>tempus</span> <span class='ocrx_word' id='word_1_84' title='bbox 397 1787 622 1874; x_wconf 81' lang='lat' dir='ltr'>praescribere</span> <span class='ocrx_word' id='word_1_85' title='bbox 643 1789 706 1871; x_wconf 91' lang='lat' dir='ltr'>illi,</span> <span class='ocrx_word' id='word_1_86' title='bbox 734 1812 797 1876; x_wconf 91' lang='lat' dir='ltr'>quo</span> <span class='ocrx_word' id='word_1_87' title='bbox 819 1792 965 1875; x_wconf 86' lang='lat' dir='ltr'>emigret</span> <span class='ocrx_word' id='word_1_88' title='bbox 1014 1791 1116 1855; x_wconf 89' lang='lat' dir='ltr'>Nemo</span> <span class='ocrx_word' id='word_1_89' title='bbox 1145 1812 1223 1855; x_wconf 88' lang='lat' dir='ltr'>vero</span> <span class='ocrx_word' id='word_1_90' title='bbox 1251 1811 1345 1854; x_wconf 92' lang='lat' dir='ltr'>usum</span> <span class='ocrx_word' id='word_1_91' title='bbox 1373 1787 1667 1874; x_wconf 85' lang='lat' dir='ltr'>habitationemque</span> 
     </span>
     <span class='ocr_line' id='line_1_13' title="bbox 248 1883 1666 1974; baseline 0.002 -26"><span class='ocrx_word' id='word_1_92' title='bbox 248 1883 344 1949; x_wconf 90' lang='lat' dir='ltr'>ullius</span> <span class='ocrx_word' id='word_1_93' title='bbox 376 1885 540 1952; x_wconf 89' lang='lat' dir='ltr'>conclavis</span> <span class='ocrx_word' id='word_1_94' title='bbox 570 1896 703 1974; x_wconf 89' lang='lat' dir='ltr'>usurpet</span> <span class='ocrx_word' id='word_1_95' title='bbox 727 1890 829 1953; x_wconf 91' lang='lat' dir='ltr'>invito</span> <span class='ocrx_word' id='word_1_96' title='bbox 857 1899 912 1953; x_wconf 92' lang='lat' dir='ltr'>aut</span> <span class='ocrx_word' id='word_1_97' title='bbox 940 1891 1041 1955; x_wconf 89' lang='lat' dir='ltr'>inscie</span> <span class='ocrx_word' id='word_1_98' title='bbox 1068 1888 1227 1968; x_wconf 88' lang='lat' dir='ltr'>locatore,</span> <span class='ocrx_word' id='word_1_99' title='bbox 1256 1911 1277 1952; x_wconf 91' lang='lat' dir='ltr'>a</span> <span class='ocrx_word' id='word_1_100' title='bbox 1305 1910 1368 1972; x_wconf 90' lang='lat' dir='ltr'>quo</span> <span class='ocrx_word' id='word_1_101' title='bbox 1397 1897 1430 1952; x_wconf 90' lang='lat' dir='ltr'>et</span> <span class='ocrx_word' id='word_1_102' title='bbox 1459 1885 1571 1952; x_wconf 87' lang='lat' dir='ltr'>claves</span> <span class='ocrx_word' id='word_1_103' title='bbox 1598 1908 1666 1951; x_wconf 89' lang='lat' dir='ltr'>oon·</span> 
     </span>
     <span class='ocr_line' id='line_1_14' title="bbox 248 1981 1666 2077; baseline 0.002 -31"><span class='ocrx_word' id='word_1_104' title='bbox 248 1981 374 2049; x_wconf 89' lang='lat' dir='ltr'>ductori</span> <span class='ocrx_word' id='word_1_105' title='bbox 395 1985 578 2077; x_wconf 83' lang='lat' dir='ltr'>tradendae¹</span> <span class='ocrx_word' id='word_1_106' title='bbox 594 1998 626 2051; x_wconf 91' lang='lat' dir='ltr'>et</span> <span class='ocrx_word' id='word_1_107' title='bbox 647 2011 763 2053; x_wconf 91' lang='lat' dir='ltr'>nomen</span> <span class='ocrx_word' id='word_1_108' title='bbox 783 1990 887 2075; x_wconf 90' lang='lat' dir='ltr'>ipsius</span> <span class='ocrx_word' id='word_1_109' title='bbox 909 1985 993 2077; x_wconf 88' lang='grc'><strong>[137]</strong></span> <span class='ocrx_word' id='word_1_110' title='bbox 1016 1986 1282 2076; x_wconf 87' lang='lat' dir='ltr'>perscribendum</span> <span class='ocrx_word' id='word_1_111' title='bbox 1304 1994 1370 2068; x_wconf 87' lang='lat' dir='ltr'>est,</span> <span class='ocrx_word' id='word_1_112' title='bbox 1392 2006 1499 2072; x_wconf 87' lang='lat' dir='ltr'>neque</span> <span class='ocrx_word' id='word_1_113' title='bbox 1519 1984 1595 2050; x_wconf 86' lang='lat' dir='ltr'>lieet</span> <span class='ocrx_word' id='word_1_114' title='bbox 1615 1983 1666 2050; x_wconf 91' lang='lat' dir='ltr'>ulli</span> 
     </span>
     <span class='ocr_line' id='line_1_15' title="bbox 250 2082 1666 2176; baseline 0.001 -30"><span class='ocrx_word' id='word_1_115' title='bbox 250 2104 308 2147; x_wconf 88' lang='lat' dir='ltr'>suo</span> <span class='ocrx_word' id='word_1_116' title='bbox 329 2083 484 2167; x_wconf 89' lang='lat' dir='ltr'>arbitrio,</span> <span class='ocrx_word' id='word_1_117' title='bbox 513 2088 684 2173; x_wconf 85' lang='lat' dir='ltr'>ignorante</span> <span class='ocrx_word' id='word_1_118' title='bbox 711 2087 872 2168; x_wconf 88' lang='lat' dir='ltr'>locatore,</span> <span class='ocrx_word' id='word_1_119' title='bbox 901 2087 1061 2175; x_wconf 88' lang='lat' dir='ltr'>aliquem,</span> <span class='ocrx_word' id='word_1_120' title='bbox 1088 2089 1144 2176; x_wconf 94' lang='lat' dir='ltr'>qui</span> <span class='ocrx_word' id='word_1_121' title='bbox 1169 2109 1277 2153; x_wconf 91' lang='lat' dir='ltr'>secum</span> <span class='ocrx_word' id='word_1_122' title='bbox 1305 2085 1451 2166; x_wconf 89' lang='lat' dir='ltr'>habitet,</span> <span class='ocrx_word' id='word_1_123' title='bbox 1482 2082 1666 2170; x_wconf 85' lang='lat' dir='ltr'>adiungere,</span> 
     </span>
     <span class='ocr_line' id='line_1_16' title="bbox 210 2181 1667 2253; baseline 0.001 -8"><span class='ocrx_word' id='word_1_124' title='bbox 210 2181 352 2248; x_wconf 65' lang='lat' dir='ltr'>temulto</span> <span class='ocrx_word' id='word_1_125' title='bbox 381 2185 488 2249; x_wconf 94' lang='lat' dir='ltr'>minus</span> <span class='ocrx_word' id='word_1_126' title='bbox 519 2185 709 2251; x_wconf 85' lang='lat' dir='ltr'>conductum</span> <span class='ocrx_word' id='word_1_127' title='bbox 740 2209 760 2251; x_wconf 91' lang='lat' dir='ltr'>a</span> <span class='ocrx_word' id='word_1_128' title='bbox 787 2209 822 2251; x_wconf 89' lang='lat' dir='ltr'>se</span> <span class='ocrx_word' id='word_1_129' title='bbox 851 2187 1005 2252; x_wconf 90' lang='lat' dir='ltr'>conclave</span> <span class='ocrx_word' id='word_1_130' title='bbox 1030 2187 1124 2253; x_wconf 85' lang='lat' dir='ltr'>alteri</span> <span class='ocrx_word' id='word_1_131' title='bbox 1152 2209 1211 2251; x_wconf 90' lang='lat' dir='ltr'>sua</span> <span class='ocrx_word' id='word_1_132' title='bbox 1236 2185 1403 2251; x_wconf 86' lang='lat' dir='ltr'>voluntate</span> <span class='ocrx_word' id='word_1_133' title='bbox 1433 2182 1614 2249; x_wconf 86' lang='lat' dir='ltr'>concedere</span> <span class='ocrx_word' id='word_1_134' title='bbox 1640 2195 1667 2248; x_wconf 88' lang='lat' dir='ltr'>et</span> 
     </span>
     <span class='ocr_line' id='line_1_17' title="bbox 249 2280 1666 2375; baseline 0.001 -30"><span class='ocrx_word' id='word_1_135' title='bbox 249 2280 385 2347; x_wconf 88' lang='lat' dir='ltr'>tradere.</span> <span class='ocrx_word' id='word_1_136' title='bbox 429 2282 569 2364; x_wconf 80' lang='lat' dir='ltr'>Quando</span> <span class='ocrx_word' id='word_1_137' title='bbox 598 2287 739 2351; x_wconf 90' lang='lat' dir='ltr'>rationes</span> <span class='ocrx_word' id='word_1_138' title='bbox 768 2285 884 2350; x_wconf 90' lang='lat' dir='ltr'>decani</span> <span class='ocrx_word' id='word_1_139' title='bbox 909 2288 1100 2365; x_wconf 85' lang='lat' dir='ltr'>reseruntur,</span> <span class='ocrx_word' id='word_1_140' title='bbox 1123 2286 1208 2375; x_wconf 89' lang='lat' dir='ltr'>quod</span> <span class='ocrx_word' id='word_1_141' title='bbox 1231 2284 1367 2372; x_wconf 90' lang='lat' dir='ltr'>singulis</span> <span class='ocrx_word' id='word_1_142' title='bbox 1387 2283 1427 2349; x_wconf 87' lang='lat' dir='ltr'>fit</span> <span class='ocrx_word' id='word_1_143' title='bbox 1449 2281 1666 2363; x_wconf 87' lang='lat' dir='ltr'>semestribus,</span> 
     </span>
     <span class='ocr_line' id='line_1_18' title="bbox 249 2382 1666 2474; baseline 0.001 -30"><span class='ocrx_word' id='word_1_144' title='bbox 249 2383 390 2467; x_wconf 85' lang='lat' dir='ltr'>exigitur</span> <span class='ocrx_word' id='word_1_145' title='bbox 405 2405 425 2447; x_wconf 90' lang='lat' dir='ltr'>a</span> <span class='ocrx_word' id='word_1_146' title='bbox 439 2382 583 2449; x_wconf 88' lang='lat' dir='ltr'>locatorc</span> <span class='ocrx_word' id='word_1_147' title='bbox 598 2388 788 2472; x_wconf 91' lang='lat' dir='ltr'>pensionum</span> <span class='ocrx_word' id='word_1_148' title='bbox 802 2389 949 2473; x_wconf 90' lang='lat' dir='ltr'>pecunia,</span> <span class='ocrx_word' id='word_1_149' title='bbox 965 2409 1062 2474; x_wconf 90' lang='lat' dir='ltr'>quam</span> <span class='ocrx_word' id='word_1_150' title='bbox 1076 2399 1153 2451; x_wconf 88' lang='lat' dir='ltr'>tunc</span> <span class='ocrx_word' id='word_1_151' title='bbox 1172 2409 1245 2451; x_wconf 91' lang='lat' dir='ltr'>eum</span> <span class='ocrx_word' id='word_1_152' title='bbox 1266 2393 1516 2472; x_wconf 90' lang='lat' dir='ltr'>repraesentare</span> <span class='ocrx_word' id='word_1_153' title='bbox 1537 2391 1666 2470; x_wconf 81' lang='lat' dir='ltr'>oportet</span> 
     </span>
     <span class='ocr_line' id='line_1_19' title="bbox 250 2480 1666 2572; baseline 0.001 -27"><span class='ocrx_word' id='word_1_154' title='bbox 250 2480 371 2546; x_wconf 90' lang='lat' dir='ltr'>Omnes</span> <span class='ocrx_word' id='word_1_155' title='bbox 392 2483 491 2569; x_wconf 85' lang='lat' dir='ltr'>igitur</span> <span class='ocrx_word' id='word_1_156' title='bbox 514 2485 583 2549; x_wconf 91' lang='lat' dir='ltr'>sine</span> <span class='ocrx_word' id='word_1_157' title='bbox 604 2484 791 2550; x_wconf 89' lang='lat' dir='ltr'>discrimine</span> <span class='ocrx_word' id='word_1_158' title='bbox 810 2484 938 2550; x_wconf 91' lang='lat' dir='ltr'>aedium</span> <span class='ocrx_word' id='word_1_159' title='bbox 960 2484 1054 2550; x_wconf 88' lang='lat' dir='ltr'>huius</span> <span class='ocrx_word' id='word_1_160' title='bbox 1082 2486 1209 2572; x_wconf 89' lang='lat' dir='ltr'>collegii</span> <span class='ocrx_word' id='word_1_161' title='bbox 1235 2483 1383 2571; x_wconf 90' lang='lat' dir='ltr'>inquilini</span> <span class='ocrx_word' id='word_1_162' title='bbox 1406 2481 1577 2548; x_wconf 88' lang='lat' dir='ltr'>mercedes</span> <span class='ocrx_word' id='word_1_163' title='bbox 1596 2481 1666 2546; x_wconf 89' lang='lat' dir='ltr'>deti·</span> 
     </span>
     <span class='ocr_line' id='line_1_20' title="bbox 249 2580 1666 2673; baseline 0 -27"><span class='ocrx_word' id='word_1_164' title='bbox 249 2582 333 2646; x_wconf 87' lang='lat' dir='ltr'>nitas</span> <span class='ocrx_word' id='word_1_165' title='bbox 356 2580 474 2647; x_wconf 91' lang='lat' dir='ltr'>debent</span> <span class='ocrx_word' id='word_1_166' title='bbox 494 2583 681 2671; x_wconf 89' lang='lat' dir='ltr'>persolvere</span> <span class='ocrx_word' id='word_1_167' title='bbox 703 2586 792 2651; x_wconf 90' lang='lat' dir='ltr'>exitu</span> <span class='ocrx_word' id='word_1_168' title='bbox 814 2595 974 2650; x_wconf 91' lang='lat' dir='ltr'>mercatus</span> <span class='ocrx_word' id='word_1_169' title='bbox 996 2586 1182 2673; x_wconf 89' lang='lat' dir='ltr'>Lipsensis,</span> <span class='ocrx_word' id='word_1_170' title='bbox 1204 2607 1282 2651; x_wconf 81' lang='lat' dir='ltr'>vere</span> <span class='ocrx_word' id='word_1_171' title='bbox 1311 2598 1345 2649; x_wconf 91' lang='lat' dir='ltr'>et</span> <span class='ocrx_word' id='word_1_172' title='bbox 1372 2593 1548 2666; x_wconf 87' lang='lat' dir='ltr'>autumno,</span> <span class='ocrx_word' id='word_1_173' title='bbox 1570 2604 1666 2670; x_wconf 90' lang='lat' dir='ltr'>neque</span> 
     </span>
     <span class='ocr_line' id='line_1_21' title="bbox 211 2680 1668 2770; baseline 0.001 -26"><span class='ocrx_word' id='word_1_174' title='bbox 211 2680 502 2767; x_wconf 84' lang='lat' dir='ltr'>20persolutionem</span> <span class='ocrx_word' id='word_1_175' title='bbox 530 2683 650 2749; x_wconf 90' lang='lat' dir='ltr'>diutius</span> <span class='ocrx_word' id='word_1_176' title='bbox 679 2695 754 2770; x_wconf 82' lang='lat' dir='ltr'>post</span> <span class='ocrx_word' id='word_1_177' title='bbox 781 2684 869 2750; x_wconf 93' lang='lat' dir='ltr'>illum</span> <span class='ocrx_word' id='word_1_178' title='bbox 898 2683 1005 2751; x_wconf 92' lang='lat' dir='ltr'>triduo</span> <span class='ocrx_word' id='word_1_179' title='bbox 1033 2684 1171 2750; x_wconf 82' lang='lat' dir='ltr'>differre.</span> <span class='ocrx_word' id='word_1_180' title='bbox 1213 2683 1300 2750; x_wconf 87' lang='lat' dir='ltr'>Ante</span> <span class='ocrx_word' id='word_1_181' title='bbox 1319 2684 1381 2750; x_wconf 91' lang='lat' dir='ltr'>hoc</span> <span class='ocrx_word' id='word_1_182' title='bbox 1400 2693 1531 2770; x_wconf 88' lang='lat' dir='ltr'>tempus</span> <span class='ocrx_word' id='word_1_183' title='bbox 1554 2683 1583 2748; x_wconf 93' lang='lat' dir='ltr'>si</span> <span class='ocrx_word' id='word_1_184' title='bbox 1603 2684 1668 2769; x_wconf 89' lang='lat' dir='ltr'>quis</span> 
     </span>
     <span class='ocr_line' id='line_1_22' title="bbox 251 2780 1667 2870; baseline 0.002 -26"><span class='ocrx_word' id='word_1_185' title='bbox 251 2780 326 2845; x_wconf 90' lang='lat' dir='ltr'>hinc</span> <span class='ocrx_word' id='word_1_186' title='bbox 337 2781 504 2848; x_wconf 89' lang='lat' dir='ltr'>discedere</span> <span class='ocrx_word' id='word_1_187' title='bbox 526 2783 632 2849; x_wconf 83' lang='lat' dir='ltr'>aliove</span> <span class='ocrx_word' id='word_1_188' title='bbox 653 2787 796 2870; x_wconf 91' lang='lat' dir='ltr'>migrare</span> <span class='ocrx_word' id='word_1_189' title='bbox 817 2785 966 2866; x_wconf 85' lang='lat' dir='ltr'>voluerit,</span> <span class='ocrx_word' id='word_1_190' title='bbox 988 2785 1167 2851; x_wconf 88' lang='lat' dir='ltr'>conductae</span> <span class='ocrx_word' id='word_1_191' title='bbox 1185 2783 1396 2850; x_wconf 87' lang='lat' dir='ltr'>habitationis</span> <span class='ocrx_word' id='word_1_192' title='bbox 1419 2784 1609 2869; x_wconf 87' lang='lat' dir='ltr'>pensionem</span> <span class='ocrx_word' id='word_1_193' title='bbox 1627 2782 1667 2846; x_wconf 90' lang='lat' dir='ltr'>in·</span> 
     </span>
     <span class='ocr_line' id='line_1_23' title="bbox 251 2881 1668 2971; baseline 0.001 -27"><span class='ocrx_word' id='word_1_194' title='bbox 251 2889 377 2965; x_wconf 84' lang='lat' dir='ltr'>tegram</span> <span class='ocrx_word' id='word_1_195' title='bbox 405 2883 590 2969; x_wconf 85' lang='lat' dir='ltr'>persolvere</span> <span class='ocrx_word' id='word_1_196' title='bbox 623 2892 679 2948; x_wconf 93' lang='lat' dir='ltr'>aut</span> <span class='ocrx_word' id='word_1_197' title='bbox 709 2882 749 2949; x_wconf 94' lang='lat' dir='ltr'>de</span> <span class='ocrx_word' id='word_1_198' title='bbox 781 2883 996 2971; x_wconf 82' lang='lat' dir='ltr'>persolvendo</span> <span class='ocrx_word' id='word_1_199' title='bbox 1024 2884 1159 2951; x_wconf 88' lang='lat' dir='ltr'>locatori</span> <span class='ocrx_word' id='word_1_200' title='bbox 1186 2905 1304 2949; x_wconf 88' lang='lat' dir='ltr'>cavere</span> <span class='ocrx_word' id='word_1_201' title='bbox 1330 2881 1448 2965; x_wconf 90' lang='lat' dir='ltr'>debet,</span> <span class='ocrx_word' id='word_1_202' title='bbox 1483 2884 1668 2970; x_wconf 88' lang='lat' dir='ltr'>priusquam</span> 
     </span>
     <span class='ocr_line' id='line_1_24' title="bbox 251 2981 1667 3072; baseline 0.001 -28"><span class='ocrx_word' id='word_1_203' title='bbox 251 2981 423 3068; x_wconf 90' lang='lat' dir='ltr'>quicquam</span> <span class='ocrx_word' id='word_1_204' title='bbox 447 3005 576 3047; x_wconf 89' lang='lat' dir='ltr'>suarum</span> <span class='ocrx_word' id='word_1_205' title='bbox 599 3007 708 3051; x_wconf 88' lang='lat' dir='ltr'>rerum</span> <span class='ocrx_word' id='word_1_206' title='bbox 730 2984 805 3048; x_wconf 90' lang='lat' dir='ltr'>iude</span> <span class='ocrx_word' id='word_1_207' title='bbox 825 2994 975 3072; x_wconf 89' lang='lat' dir='ltr'>exportet</span> <span class='ocrx_word' id='word_1_208' title='bbox 996 2994 1092 3070; x_wconf 92' lang='lat' dir='ltr'>atque</span> <span class='ocrx_word' id='word_1_209' title='bbox 1114 2985 1297 3049; x_wconf 85' lang='lat' dir='ltr'>transferat.</span> <span class='ocrx_word' id='word_1_210' title='bbox 1339 2982 1377 3048; x_wconf 87' lang='lat' dir='ltr'>Si</span> <span class='ocrx_word' id='word_1_211' title='bbox 1405 2981 1517 3047; x_wconf 87' lang='lat' dir='ltr'>facere</span> <span class='ocrx_word' id='word_1_212' title='bbox 1538 2991 1667 3059; x_wconf 87' lang='lat' dir='ltr'>recuset,</span> 
     </span>
     <span class='ocr_line' id='line_1_25' title="bbox 251 3080 1669 3171; baseline 0.001 -28"><span class='ocrx_word' id='word_1_213' title='bbox 251 3082 387 3144; x_wconf 90' lang='lat' dir='ltr'>rectoris</span> <span class='ocrx_word' id='word_1_214' title='bbox 401 3080 557 3146; x_wconf 89' lang='lat' dir='ltr'>auxilium</span> <span class='ocrx_word' id='word_1_215' title='bbox 569 3083 797 3169; x_wconf 89' lang='lat' dir='ltr'>implorabitur</span> <span class='ocrx_word' id='word_1_216' title='bbox 812 3094 843 3148; x_wconf 93' lang='lat' dir='ltr'>et</span> <span class='ocrx_word' id='word_1_217' title='bbox 855 3084 1060 3171; x_wconf 86' lang='lat' dir='ltr'>hypothecae</span> <span class='ocrx_word' id='word_1_218' title='bbox 1080 3084 1150 3149; x_wconf 88' lang='lat' dir='ltr'>loeo</span> <span class='ocrx_word' id='word_1_219' title='bbox 1172 3083 1289 3164; x_wconf 85' lang='lat' dir='ltr'>omnia,</span> <span class='ocrx_word' id='word_1_220' title='bbox 1312 3103 1396 3168; x_wconf 89' lang='lat' dir='ltr'>quae</span> <span class='ocrx_word' id='word_1_221' title='bbox 1417 3082 1452 3145; x_wconf 90' lang='lat' dir='ltr'>in</span> <span class='ocrx_word' id='word_1_222' title='bbox 1475 3081 1669 3147; x_wconf 76' lang='lat' dir='ltr'>habitatione</span> 
     </span>
     <span class='ocr_line' id='line_1_26' title="bbox 208 3177 1668 3268; baseline 0.001 -25"><span class='ocrx_word' id='word_1_223' title='bbox 208 3177 384 3261; x_wconf 82' lang='lat' dir='ltr'>25fuerint,</span> <span class='ocrx_word' id='word_1_224' title='bbox 408 3179 644 3247; x_wconf 88' lang='lat' dir='ltr'>detinebuntur.</span> <span class='ocrx_word' id='word_1_225' title='bbox 703 3183 811 3248; x_wconf 89' lang='lat' dir='ltr'>Debet</span> <span class='ocrx_word' id='word_1_226' title='bbox 840 3185 938 3249; x_wconf 89' lang='lat' dir='ltr'>etiam</span> <span class='ocrx_word' id='word_1_227' title='bbox 965 3183 1063 3249; x_wconf 90' lang='lat' dir='ltr'>talem</span> <span class='ocrx_word' id='word_1_228' title='bbox 1086 3180 1274 3268; x_wconf 86' lang='lat' dir='ltr'>emigrando</span> <span class='ocrx_word' id='word_1_229' title='bbox 1295 3180 1482 3266; x_wconf 88' lang='lat' dir='ltr'>relinquere</span> <span class='ocrx_word' id='word_1_230' title='bbox 1503 3180 1668 3246; x_wconf 88' lang='lat' dir='ltr'>habitatio-</span> 
     </span>
     <span class='ocr_line' id='line_1_27' title="bbox 250 3276 1667 3369; baseline -0.001 -27"><span class='ocrx_word' id='word_1_231' title='bbox 250 3301 333 3360; x_wconf 89' lang='lat' dir='ltr'>nem,</span> <span class='ocrx_word' id='word_1_232' title='bbox 357 3276 442 3365; x_wconf 85' lang='lat'>[138]</span> <span class='ocrx_word' id='word_1_233' title='bbox 465 3279 592 3364; x_wconf 87' lang='lat' dir='ltr'>qualern</span> <span class='ocrx_word' id='word_1_234' title='bbox 613 3282 685 3369; x_wconf 88' lang='lat' dir='ltr'>ipse</span> <span class='ocrx_word' id='word_1_235' title='bbox 706 3285 838 3368; x_wconf 88' lang='lat' dir='ltr'>accepit.</span> <span class='ocrx_word' id='word_1_236' title='bbox 885 3283 1047 3369; x_wconf 85' lang='lat' dir='ltr'>Tempora</span> <span class='ocrx_word' id='word_1_237' title='bbox 1066 3292 1174 3347; x_wconf 91' lang='lat' dir='ltr'>autem</span> <span class='ocrx_word' id='word_1_238' title='bbox 1198 3280 1424 3346; x_wconf 89' lang='lat' dir='ltr'>conductionis</span> <span class='ocrx_word' id='word_1_239' title='bbox 1448 3290 1482 3345; x_wconf 90' lang='lat' dir='ltr'>et</span> <span class='ocrx_word' id='word_1_240' title='bbox 1503 3280 1667 3346; x_wconf 88' lang='lat' dir='ltr'>locationis</span> 
     </span>
     <span class='ocr_line' id='line_1_28' title="bbox 252 3376 1668 3462; baseline 0 -22"><span class='ocrx_word' id='word_1_241' title='bbox 252 3376 426 3442; x_wconf 86' lang='lat' dir='ltr'>distributa</span> <span class='ocrx_word' id='word_1_242' title='bbox 447 3382 573 3445; x_wconf 92' lang='lat' dir='ltr'>suntin</span> <span class='ocrx_word' id='word_1_243' title='bbox 597 3379 660 3445; x_wconf 91' lang='lat' dir='ltr'>duo</span> <span class='ocrx_word' id='word_1_244' title='bbox 683 3383 867 3461; x_wconf 89' lang='lat' dir='ltr'>semestria,</span> <span class='ocrx_word' id='word_1_245' title='bbox 891 3405 1006 3462; x_wconf 87' lang='lat' dir='ltr'>unum,</span> <span class='ocrx_word' id='word_1_246' title='bbox 1036 3382 1127 3447; x_wconf 90' lang='lat' dir='ltr'>cuius</span> <span class='ocrx_word' id='word_1_247' title='bbox 1150 3383 1277 3446; x_wconf 90' lang='lat' dir='ltr'>initium</span> <span class='ocrx_word' id='word_1_248' title='bbox 1308 3382 1351 3443; x_wconf 90' lang='lat' dir='ltr'>sit</span> <span class='ocrx_word' id='word_1_249' title='bbox 1375 3385 1486 3446; x_wconf 85' lang='lat' dir='ltr'>exitus</span> <span class='ocrx_word' id='word_1_250' title='bbox 1513 3390 1668 3445; x_wconf 86' lang='lat' dir='ltr'>mercatus</span> 
     </span>
     <span class='ocr_line' id='line_1_29' title="bbox 254 3477 1669 3563; baseline 0.001 -24"><span class='ocrx_word' id='word_1_251' title='bbox 254 3477 378 3563; x_wconf 87' lang='lat' dir='ltr'>Lipsici</span> <span class='ocrx_word' id='word_1_252' title='bbox 400 3480 501 3559; x_wconf 88' lang='lat' dir='ltr'>verni,</span> <span class='ocrx_word' id='word_1_253' title='bbox 522 3488 553 3543; x_wconf 91' lang='lat' dir='ltr'>et</span> <span class='ocrx_word' id='word_1_254' title='bbox 573 3479 719 3562; x_wconf 87' lang='lat' dir='ltr'>alterum,</span> <span class='ocrx_word' id='word_1_255' title='bbox 739 3481 829 3544; x_wconf 89' lang='lat' dir='ltr'>cuius</span> <span class='ocrx_word' id='word_1_256' title='bbox 851 3483 974 3545; x_wconf 91' lang='lat' dir='ltr'>initium</span> <span class='ocrx_word' id='word_1_257' title='bbox 999 3483 1040 3545; x_wconf 90' lang='lat' dir='ltr'>sit</span> <span class='ocrx_word' id='word_1_258' title='bbox 1061 3482 1167 3546; x_wconf 85' lang='lat' dir='ltr'>exitus</span> <span class='ocrx_word' id='word_1_259' title='bbox 1189 3490 1351 3545; x_wconf 87' lang='lat' dir='ltr'>mercatus</span> <span class='ocrx_word' id='word_1_260' title='bbox 1374 3479 1583 3560; x_wconf 86' lang='lat' dir='ltr'>autumnalis,</span> <span class='ocrx_word' id='word_1_261' title='bbox 1604 3488 1669 3543; x_wconf 91' lang='lat' dir='ltr'>ante</span> 
     </span>
     <span class='ocr_line' id='line_1_30' title="bbox 254 3578 1669 3664; baseline 0 -25"><span class='ocrx_word' id='word_1_262' title='bbox 254 3599 336 3661; x_wconf 92' lang='lat' dir='ltr'>quae</span> <span class='ocrx_word' id='word_1_263' title='bbox 363 3585 509 3664; x_wconf 90' lang='lat' dir='ltr'>tempora</span> <span class='ocrx_word' id='word_1_264' title='bbox 536 3578 614 3662; x_wconf 91' lang='lat' dir='ltr'>duo,</span> <span class='ocrx_word' id='word_1_265' title='bbox 644 3581 697 3664; x_wconf 92' lang='lat' dir='ltr'>qui</span> <span class='ocrx_word' id='word_1_266' title='bbox 728 3579 959 3646; x_wconf 85' lang='lat' dir='ltr'>habitationem</span> <span class='ocrx_word' id='word_1_267' title='bbox 989 3603 1081 3644; x_wconf 92' lang='lat' dir='ltr'>suam</span> <span class='ocrx_word' id='word_1_268' title='bbox 1112 3602 1183 3644; x_wconf 86' lang='lat' dir='ltr'>esse</span> <span class='ocrx_word' id='word_1_269' title='bbox 1207 3579 1328 3645; x_wconf 91' lang='lat' dir='ltr'>diutius</span> <span class='ocrx_word' id='word_1_270' title='bbox 1354 3578 1459 3660; x_wconf 83' lang='lat' dir='ltr'>volet,</span> <span class='ocrx_word' id='word_1_271' title='bbox 1480 3601 1592 3643; x_wconf 91' lang='lat' dir='ltr'>mense</span> <span class='ocrx_word' id='word_1_272' title='bbox 1613 3600 1669 3640; x_wconf 91' lang='lat' dir='ltr'>uno</span> 
     </span>
     <span class='ocr_line' id='line_1_31' title="bbox 211 3677 1670 3765; baseline 0.001 -26"><span class='ocrx_word' id='word_1_273' title='bbox 211 3685 330 3740; x_wconf 86' lang='lat' dir='ltr'>30ante</span> <span class='ocrx_word' id='word_1_274' title='bbox 352 3679 515 3742; x_wconf 88' lang='lat' dir='ltr'>semestris</span> <span class='ocrx_word' id='word_1_275' title='bbox 537 3677 633 3742; x_wconf 89' lang='lat' dir='ltr'>finem</span> <span class='ocrx_word' id='word_1_276' title='bbox 655 3679 828 3760; x_wconf 77' lang='lat' dir='ltr'>conducat3</span> <span class='ocrx_word' id='word_1_277' title='bbox 861 3681 887 3744; x_wconf 94' lang='lat' dir='ltr'>si</span> <span class='ocrx_word' id='word_1_278' title='bbox 915 3702 980 3744; x_wconf 92' lang='lat' dir='ltr'>non</span> <span class='ocrx_word' id='word_1_279' title='bbox 1010 3679 1201 3744; x_wconf 89' lang='lat' dir='ltr'>conduxerit</span> <span class='ocrx_word' id='word_1_280' title='bbox 1226 3680 1298 3765; x_wconf 90' lang='lat' dir='ltr'>ipse</span> <span class='ocrx_word' id='word_1_281' title='bbox 1319 3689 1353 3743; x_wconf 89' lang='lat' dir='ltr'>et</span> <span class='ocrx_word' id='word_1_282' title='bbox 1373 3678 1469 3743; x_wconf 87' lang='lat' dir='ltr'>alteri</span> <span class='ocrx_word' id='word_1_283' title='bbox 1496 3678 1553 3742; x_wconf 90' lang='lat' dir='ltr'>illa</span> <span class='ocrx_word' id='word_1_284' title='bbox 1573 3677 1670 3742; x_wconf 85' lang='lat' dir='ltr'>locata</span> 
     </span>
     <span class='ocr_line' id='line_1_32' title="bbox 252 3775 1668 3866; baseline 0 -28"><span class='ocrx_word' id='word_1_285' title='bbox 252 3775 357 3855; x_wconf 86' lang='lat' dir='ltr'>fuerit,</span> <span class='ocrx_word' id='word_1_286' title='bbox 379 3799 443 3841; x_wconf 93' lang='lat' dir='ltr'>non</span> <span class='ocrx_word' id='word_1_287' title='bbox 464 3779 583 3863; x_wconf 91' lang='lat' dir='ltr'>poterit</span> <span class='ocrx_word' id='word_1_288' title='bbox 605 3777 645 3841; x_wconf 90' lang='lat' dir='ltr'>de</span> <span class='ocrx_word' id='word_1_289' title='bbox 666 3779 727 3843; x_wconf 95' lang='lat' dir='ltr'>hoc</span> <span class='ocrx_word' id='word_1_290' title='bbox 749 3776 802 3841; x_wconf 91' lang='lat' dir='ltr'>ille</span> <span class='ocrx_word' id='word_1_291' title='bbox 823 3780 992 3866; x_wconf 66' lang='lat' dir='ltr'>conqueri,</span> <span class='ocrx_word' id='word_1_292' title='bbox 1023 3781 1049 3843; x_wconf 92' lang='lat' dir='ltr'>si</span> <span class='ocrx_word' id='word_1_293' title='bbox 1071 3777 1176 3843; x_wconf 90' lang='lat' dir='ltr'>denuo</span> <span class='ocrx_word' id='word_1_294' title='bbox 1205 3776 1397 3843; x_wconf 91' lang='lat' dir='ltr'>conductam</span> <span class='ocrx_word' id='word_1_295' title='bbox 1418 3775 1592 3864; x_wconf 88' lang='lat' dir='ltr'>possidere</span> <span class='ocrx_word' id='word_1_296' title='bbox 1612 3797 1668 3839; x_wconf 92' lang='lat' dir='ltr'>non</span> 
     </span>
     <span class='ocr_line' id='line_1_33' title="bbox 252 3873 1670 3964; baseline 0.001 -28"><span class='ocrx_word' id='word_1_297' title='bbox 252 3873 347 3955; x_wconf 86' lang='lat' dir='ltr'>volet,</span> <span class='ocrx_word' id='word_1_298' title='bbox 366 3875 533 3961; x_wconf 88' lang='lat' dir='ltr'>persolvat</span> <span class='ocrx_word' id='word_1_299' title='bbox 552 3878 624 3962; x_wconf 89' lang='lat' dir='ltr'>ipse</span> <span class='ocrx_word' id='word_1_300' title='bbox 645 3879 803 3962; x_wconf 86' lang='lat' dir='ltr'>integram</span> <span class='ocrx_word' id='word_1_301' title='bbox 826 3877 1007 3942; x_wconf 88' lang='lat' dir='ltr'>mercedem</span> <span class='ocrx_word' id='word_1_302' title='bbox 1032 3877 1082 3941; x_wconf 90' lang='lat' dir='ltr'>vel</span> <span class='ocrx_word' id='word_1_303' title='bbox 1104 3876 1255 3942; x_wconf 89' lang='lat' dir='ltr'>idoneum</span> <span class='ocrx_word' id='word_1_304' title='bbox 1277 3875 1472 3964; x_wconf 89' lang='lat' dir='ltr'>inquilinum</span> <span class='ocrx_word' id='word_1_305' title='bbox 1492 3874 1615 3941; x_wconf 88' lang='lat' dir='ltr'>indicet</span> <span class='ocrx_word' id='word_1_306' title='bbox 1633 3873 1670 3938; x_wconf 90' lang='lat' dir='ltr'>lo·</span> 
     </span>
     <span class='ocr_line' id='line_1_34' title="bbox 253 3975 1671 4063; baseline 0 -27"><span class='ocrx_word' id='word_1_307' title='bbox 253 3976 372 4054; x_wconf 85' lang='lat' dir='ltr'>catori,</span> <span class='ocrx_word' id='word_1_308' title='bbox 401 3977 508 4058; x_wconf 89' lang='lat' dir='ltr'>quiin</span> <span class='ocrx_word' id='word_1_309' title='bbox 530 3975 633 4041; x_wconf 90' lang='lat' dir='ltr'>locum</span> <span class='ocrx_word' id='word_1_310' title='bbox 663 3977 765 4062; x_wconf 88' lang='lat' dir='ltr'>ipsius</span> <span class='ocrx_word' id='word_1_311' title='bbox 793 3976 946 4040; x_wconf 85' lang='lat' dir='ltr'>succedat</span> <span class='ocrx_word' id='word_1_312' title='bbox 973 3986 1005 4040; x_wconf 94' lang='lat' dir='ltr'>et</span> <span class='ocrx_word' id='word_1_313' title='bbox 1035 3977 1089 4061; x_wconf 87' lang='lat' dir='ltr'>qui</span> <span class='ocrx_word' id='word_1_314' title='bbox 1117 3975 1274 4041; x_wconf 84' lang='lat' dir='ltr'>mercedis</span> <span class='ocrx_word' id='word_1_315' title='bbox 1304 3975 1561 4063; x_wconf 89' lang='lat' dir='ltr'>persolutionem</span> <span class='ocrx_word' id='word_1_316' title='bbox 1590 3977 1622 4040; x_wconf 91' lang='lat' dir='ltr'>in</span> <span class='ocrx_word' id='word_1_317' title='bbox 1642 3996 1671 4037; x_wconf 88' lang='lat' dir='ltr'>se</span> 
     </span>
     <span class='ocr_line' id='line_1_35' title="bbox 252 4072 1457 4164; baseline 0.002 -26"><span class='ocrx_word' id='word_1_318' title='bbox 252 4075 399 4159; x_wconf 88' lang='lat' dir='ltr'>recipiat.</span> <span class='ocrx_word' id='word_1_319' title='bbox 443 4072 535 4154; x_wconf 77' lang='lat' dir='ltr'>Quae</span> <span class='ocrx_word' id='word_1_320' title='bbox 556 4080 664 4141; x_wconf 90' lang='lat' dir='ltr'>omnia</span> <span class='ocrx_word' id='word_1_321' title='bbox 685 4076 755 4140; x_wconf 89' lang='lat' dir='ltr'>fieri</span> <span class='ocrx_word' id='word_1_322' title='bbox 778 4084 906 4163; x_wconf 89' lang='lat' dir='ltr'>oportet</span> <span class='ocrx_word' id='word_1_323' title='bbox 926 4077 1047 4141; x_wconf 89' lang='lat' dir='ltr'>sciente</span> <span class='ocrx_word' id='word_1_324' title='bbox 1069 4087 1101 4141; x_wconf 89' lang='lat' dir='ltr'>et</span> <span class='ocrx_word' id='word_1_325' title='bbox 1123 4076 1283 4164; x_wconf 88' lang='lat' dir='ltr'>probante</span> <span class='ocrx_word' id='word_1_326' title='bbox 1299 4074 1457 4141; x_wconf 91' lang='lat' dir='ltr'>locatore.</span> 
     </span>
    </p>
   </div>
   <div class='ocr_carea' id='block_1_6' title="bbox 211 4262 1040 4325">
    <p class='ocr_par' dir='ltr' id='par_1_7' title="bbox 211 4262 1040 4325">
     <span class='ocr_line' id='line_1_36' title="bbox 211 4262 1040 4325; baseline 0.005 -16"><span class='ocrx_word' id='word_1_327' title='bbox 211 4266 245 4321; x_wconf 81' lang='grc'>35</span> <span class='ocrx_word' id='word_1_328' title='bbox 885 4262 992 4325; x_wconf 85' lang='lat' dir='ltr'>Caput</span> <span class='ocrx_word' id='word_1_329' title='bbox 1009 4262 1040 4313; x_wconf 91' lang='lat' dir='ltr'>V.</span> 
     </span>
    </p>
   </div>
   <div class='ocr_carea' id='block_1_7' title="bbox 212 4372 1673 5256">
    <p class='ocr_par' dir='ltr' id='par_1_8' title="bbox 253 4372 1673 4760">
     <span class='ocr_line' id='line_1_37' title="bbox 341 4372 1673 4462; baseline -0.002 -25"><span class='ocrx_word' id='word_1_330' title='bbox 341 4373 533 4459; x_wconf 80' lang='lat' dir='ltr'>Quicunque</span> <span class='ocrx_word' id='word_1_331' title='bbox 554 4375 587 4437; x_wconf 93' lang='lat' dir='ltr'>in</span> <span class='ocrx_word' id='word_1_332' title='bbox 609 4373 808 4439; x_wconf 89' lang='lat' dir='ltr'>habitatione</span> <span class='ocrx_word' id='word_1_333' title='bbox 830 4399 850 4442; x_wconf 93' lang='lat' dir='ltr'>a</span> <span class='ocrx_word' id='word_1_334' title='bbox 872 4399 907 4440; x_wconf 94' lang='lat' dir='ltr'>se</span> <span class='ocrx_word' id='word_1_335' title='bbox 929 4374 1089 4441; x_wconf 88' lang='lat' dir='ltr'>conducta</span> <span class='ocrx_word' id='word_1_336' title='bbox 1109 4372 1232 4462; x_wconf 89' lang='lat' dir='ltr'>aliquid</span> <span class='ocrx_word' id='word_1_337' title='bbox 1255 4373 1405 4459; x_wconf 83' lang='lat' dir='ltr'>fregerit,</span> <span class='ocrx_word' id='word_1_338' title='bbox 1428 4373 1573 4459; x_wconf 89' lang='lat' dir='ltr'>ruperit,</span> <span class='ocrx_word' id='word_1_339' title='bbox 1596 4393 1673 4435; x_wconf 80' lang='lat' dir='ltr'>amo</span> 
     </span>
     <span class='ocr_line' id='line_1_38' title="bbox 253 4468 1672 4561; baseline -0.004 -24"><span class='ocrx_word' id='word_1_340' title='bbox 253 4475 338 4539; x_wconf 90' lang='lat' dir='ltr'>verit</span> <span class='ocrx_word' id='word_1_341' title='bbox 360 4482 417 4537; x_wconf 89' lang='lat' dir='ltr'>aut</span> <span class='ocrx_word' id='word_1_342' title='bbox 438 4471 520 4536; x_wconf 91' lang='lat' dir='ltr'>ullas</span> <span class='ocrx_word' id='word_1_343' title='bbox 541 4471 744 4561; x_wconf 76' lang='lat' dir='ltr'>partesll39]</span> <span class='ocrx_word' id='word_1_344' title='bbox 758 4474 888 4539; x_wconf 91' lang='lat' dir='ltr'>aedium</span> <span class='ocrx_word' id='word_1_345' title='bbox 907 4475 1033 4561; x_wconf 89' lang='lat' dir='ltr'>collegii</span> <span class='ocrx_word' id='word_1_346' title='bbox 1055 4473 1237 4560; x_wconf 86' lang='lat' dir='ltr'>polluendo,</span> <span class='ocrx_word' id='word_1_347' title='bbox 1261 4471 1485 4552; x_wconf 83' lang='lat' dir='ltr'>deformando,</span> <span class='ocrx_word' id='word_1_348' title='bbox 1506 4468 1672 4536; x_wconf 89' lang='lat' dir='ltr'>lacerando</span> 
     </span>
     <span class='ocr_line' id='line_1_39' title="bbox 253 4568 1672 4657; baseline -0.004 -20"><span class='ocrx_word' id='word_1_349' title='bbox 253 4572 398 4652; x_wconf 86' lang='lat' dir='ltr'>laeserit,</span> <span class='ocrx_word' id='word_1_350' title='bbox 428 4573 456 4635; x_wconf 92' lang='lat' dir='ltr'>is</span> <span class='ocrx_word' id='word_1_351' title='bbox 485 4582 516 4635; x_wconf 88' lang='lat' dir='ltr'>et</span> <span class='ocrx_word' id='word_1_352' title='bbox 544 4571 694 4637; x_wconf 87' lang='lat' dir='ltr'>damnum</span> <span class='ocrx_word' id='word_1_353' title='bbox 727 4574 839 4638; x_wconf 92' lang='lat' dir='ltr'>datum</span> <span class='ocrx_word' id='word_1_354' title='bbox 867 4577 987 4638; x_wconf 89' lang='lat' dir='ltr'>sarciat</span> <span class='ocrx_word' id='word_1_355' title='bbox 1015 4585 1046 4637; x_wconf 91' lang='lat' dir='ltr'>et</span> <span class='ocrx_word' id='word_1_356' title='bbox 1067 4573 1200 4638; x_wconf 89' lang='lat' dir='ltr'>multam</span> <span class='ocrx_word' id='word_1_357' title='bbox 1224 4572 1330 4638; x_wconf 83' lang='lat' dir='ltr'>solvat</span> <span class='ocrx_word' id='word_1_358' title='bbox 1357 4573 1492 4657; x_wconf 87' lang='lat' dir='ltr'>insuper</span> <span class='ocrx_word' id='word_1_359' title='bbox 1522 4568 1672 4634; x_wconf 89' lang='lat' dir='ltr'>dimidiati</span> 
     </span>
     <span class='ocr_line' id='line_1_40' title="bbox 253 4666 1672 4760; baseline -0.002 -25"><span class='ocrx_word' id='word_1_360' title='bbox 253 4672 374 4753; x_wconf 91' lang='lat' dir='ltr'>florini,</span> <span class='ocrx_word' id='word_1_361' title='bbox 405 4694 487 4757; x_wconf 90' lang='lat' dir='ltr'>quae</span> <span class='ocrx_word' id='word_1_362' title='bbox 517 4672 634 4758; x_wconf 89' lang='lat' dir='ltr'>poterit</span> <span class='ocrx_word' id='word_1_363' title='bbox 661 4675 757 4737; x_wconf 91' lang='lat' dir='ltr'>etiam</span> <span class='ocrx_word' id='word_1_364' title='bbox 784 4697 845 4760; x_wconf 89' lang='lat' dir='ltr'>pro</span> <span class='ocrx_word' id='word_1_365' title='bbox 873 4674 980 4738; x_wconf 92' lang='lat' dir='ltr'>delicti</span> <span class='ocrx_word' id='word_1_366' title='bbox 1023 4676 1184 4759; x_wconf 88' lang='lat' dir='ltr'>gravitate</span> <span class='ocrx_word' id='word_1_367' title='bbox 1213 4673 1372 4737; x_wconf 88' lang='lat' dir='ltr'>sententia</span> <span class='ocrx_word' id='word_1_368' title='bbox 1402 4668 1529 4757; x_wconf 90' lang='lat' dir='ltr'>publici</span> <span class='ocrx_word' id='word_1_369' title='bbox 1558 4666 1672 4734; x_wconf 87' lang='lat' dir='ltr'>consilii</span> 
     </span>
    </p>

    <p class='ocr_par' dir='ltr' id='par_1_9' title="bbox 212 4766 1671 5256">
     <span class='ocr_line' id='line_1_41' title="bbox 212 4766 1671 4859; baseline -0.004 -25"><span class='ocrx_word' id='word_1_370' title='bbox 212 4771 379 4856; x_wconf 78' lang='lat' dir='ltr'>toaugeri.</span> <span class='ocrx_word' id='word_1_371' title='bbox 422 4771 524 4836; x_wconf 91' lang='lat' dir='ltr'>Nemo</span> <span class='ocrx_word' id='word_1_372' title='bbox 547 4772 644 4834; x_wconf 91' lang='lat' dir='ltr'>etiam</span> <span class='ocrx_word' id='word_1_373' title='bbox 666 4774 838 4859; x_wconf 88' lang='lat' dir='ltr'>quicquam</span> <span class='ocrx_word' id='word_1_374' title='bbox 861 4775 936 4837; x_wconf 91' lang='lat' dir='ltr'>novi</span> <span class='ocrx_word' id='word_1_375' title='bbox 959 4774 1068 4858; x_wconf 89' lang='lat' dir='ltr'>operis</span> <span class='ocrx_word' id='word_1_376' title='bbox 1090 4774 1124 4836; x_wconf 93' lang='lat' dir='ltr'>in</span> <span class='ocrx_word' id='word_1_377' title='bbox 1145 4795 1205 4837; x_wconf 89' lang='lat' dir='ltr'>sua</span> <span class='ocrx_word' id='word_1_378' title='bbox 1227 4768 1430 4837; x_wconf 90' lang='lat' dir='ltr'>habitatione</span> <span class='ocrx_word' id='word_1_379' title='bbox 1451 4778 1597 4845; x_wconf 87' lang='lat' dir='ltr'>extruat,</span> <span class='ocrx_word' id='word_1_380' title='bbox 1616 4766 1671 4831; x_wconf 90' lang='lat' dir='ltr'>nisi</span> 
     </span>
     <span class='ocr_line' id='line_1_42' title="bbox 256 4865 1671 4959; baseline -0.002 -26"><span class='ocrx_word' id='word_1_381' title='bbox 256 4871 462 4956; x_wconf 89' lang='lat' dir='ltr'>permittente</span> <span class='ocrx_word' id='word_1_382' title='bbox 484 4870 641 4951; x_wconf 88' lang='lat' dir='ltr'>locatore,</span> <span class='ocrx_word' id='word_1_383' title='bbox 665 4893 705 4934; x_wconf 94' lang='lat' dir='ltr'>ne</span> <span class='ocrx_word' id='word_1_384' title='bbox 724 4872 796 4958; x_wconf 91' lang='lat' dir='ltr'>ipse</span> <span class='ocrx_word' id='word_1_385' title='bbox 818 4872 948 4958; x_wconf 89' lang='lat' dir='ltr'>quidem</span> <span class='ocrx_word' id='word_1_386' title='bbox 969 4870 1109 4954; x_wconf 91' lang='lat' dir='ltr'>locator,</span> <span class='ocrx_word' id='word_1_387' title='bbox 1139 4873 1200 4936; x_wconf 89' lang='lat' dir='ltr'>nisi</span> <span class='ocrx_word' id='word_1_388' title='bbox 1229 4871 1437 4959; x_wconf 88' lang='lat' dir='ltr'>permittente</span> <span class='ocrx_word' id='word_1_389' title='bbox 1467 4867 1603 4934; x_wconf 87' lang='lat' dir='ltr'>decano.</span> <span class='ocrx_word' id='word_1_390' title='bbox 1642 4865 1671 4929; x_wconf 89' lang='lat' dir='ltr'>Si</span> 
     </span>
     <span class='ocr_line' id='line_1_43' title="bbox 256 4963 1671 5058; baseline -0.002 -27"><span class='ocrx_word' id='word_1_391' title='bbox 256 4970 326 5054; x_wconf 92' lang='lat' dir='ltr'>quis</span> <span class='ocrx_word' id='word_1_392' title='bbox 347 4968 459 5033; x_wconf 85' lang='lat' dir='ltr'>fecerit</span> <span class='ocrx_word' id='word_1_393' title='bbox 480 4980 512 5034; x_wconf 91' lang='lat' dir='ltr'>et</span> <span class='ocrx_word' id='word_1_394' title='bbox 534 4979 696 5034; x_wconf 90' lang='lat' dir='ltr'>structura</span> <span class='ocrx_word' id='word_1_395' title='bbox 719 4970 929 5056; x_wconf 84' lang='lat' dir='ltr'>improbetur,</span> <span class='ocrx_word' id='word_1_396' title='bbox 953 4983 1106 5058; x_wconf 90' lang='lat' dir='ltr'>quantum</span> <span class='ocrx_word' id='word_1_397' title='bbox 1128 4969 1238 5036; x_wconf 91' lang='lat' dir='ltr'>damni</span> <span class='ocrx_word' id='word_1_398' title='bbox 1259 4971 1371 5035; x_wconf 91' lang='lat' dir='ltr'>datum</span> <span class='ocrx_word' id='word_1_399' title='bbox 1388 4991 1463 5034; x_wconf 87' lang='lat' dir='ltr'>esse</span> <span class='ocrx_word' id='word_1_400' title='bbox 1483 4967 1607 5034; x_wconf 85' lang='lat' dir='ltr'>locator</span> <span class='ocrx_word' id='word_1_401' title='bbox 1626 4963 1671 5029; x_wconf 81' lang='lat' dir='ltr'>de</span> 
     </span>
     <span class='ocr_line' id='line_1_44' title="bbox 259 5063 1671 5158; baseline 0 -28"><span class='ocrx_word' id='word_1_402' title='bbox 259 5089 400 5132; x_wconf 88' lang='lat' dir='ltr'>eanusve</span> <span class='ocrx_word' id='word_1_403' title='bbox 421 5070 578 5150; x_wconf 87' lang='lat' dir='ltr'>statuerit,</span> <span class='ocrx_word' id='word_1_404' title='bbox 600 5078 724 5133; x_wconf 91' lang='lat' dir='ltr'>tantum</span> <span class='ocrx_word' id='word_1_405' title='bbox 745 5069 799 5133; x_wconf 94' lang='lat' dir='ltr'>ille</span> <span class='ocrx_word' id='word_1_406' title='bbox 821 5080 981 5157; x_wconf 77' lang='lat' dir='ltr'>praestet3</span> <span class='ocrx_word' id='word_1_407' title='bbox 1004 5072 1053 5134; x_wconf 94' lang='lat' dir='ltr'>sin</span> <span class='ocrx_word' id='word_1_408' title='bbox 1075 5070 1240 5158; x_wconf 89' lang='lat' dir='ltr'>probetur,</span> <span class='ocrx_word' id='word_1_409' title='bbox 1262 5071 1412 5155; x_wconf 89' lang='lat' dir='ltr'>impensa</span> <span class='ocrx_word' id='word_1_410' title='bbox 1434 5069 1577 5154; x_wconf 89' lang='lat' dir='ltr'>pecunia</span> <span class='ocrx_word' id='word_1_411' title='bbox 1596 5063 1671 5130; x_wconf 73' lang='lat' dir='ltr'>sed&#39;r</span> 
     </span>
     <span class='ocr_line' id='line_1_45' title="bbox 254 5163 1670 5256; baseline -0.001 -24"><span class='ocrx_word' id='word_1_412' title='bbox 254 5167 368 5233; x_wconf 88' lang='lat' dir='ltr'>ficator</span> <span class='ocrx_word' id='word_1_413' title='bbox 390 5168 452 5233; x_wconf 89' lang='lat' dir='ltr'>iste</span> <span class='ocrx_word' id='word_1_414' title='bbox 474 5178 590 5233; x_wconf 87' lang='lat' dir='ltr'>eareto.</span> <span class='ocrx_word' id='word_1_415' title='bbox 640 5169 741 5234; x_wconf 90' lang='lat' dir='ltr'>Nemo</span> <span class='ocrx_word' id='word_1_416' title='bbox 771 5190 897 5256; x_wconf 89' lang='lat' dir='ltr'>quoque</span> <span class='ocrx_word' id='word_1_417' title='bbox 922 5171 957 5233; x_wconf 91' lang='lat' dir='ltr'>in</span> <span class='ocrx_word' id='word_1_418' title='bbox 985 5168 1053 5233; x_wconf 91' lang='lat' dir='ltr'>ulla</span> <span class='ocrx_word' id='word_1_419' title='bbox 1078 5179 1170 5256; x_wconf 90' lang='lat' dir='ltr'>parte</span> <span class='ocrx_word' id='word_1_420' title='bbox 1200 5169 1367 5256; x_wconf 88' lang='lat' dir='ltr'>superiore</span> <span class='ocrx_word' id='word_1_421' title='bbox 1394 5166 1529 5234; x_wconf 85' lang='lat' dir='ltr'>aedium</span> <span class='ocrx_word' id='word_1_422' title='bbox 1557 5163 1670 5249; x_wconf 80' lang='lat' dir='ltr'>collegii</span> 
     </span>
    </p>
   </div>
   <div class='ocr_carea' id='block_1_8' title="bbox 0 0 1888 6148">
    <p class='ocr_par' dir='ltr' id='par_1_10' title="bbox 0 0 1888 6148">
     <span class='ocr_line' id='line_1_46' title="bbox 0 0 1888 6148; baseline 0 0"><span class='ocrx_word' id='word_1_423' title='bbox 0 0 1888 6148; x_wconf 95' lang='lat' dir='ltr'> </span> 
     </span>
    </p>
   </div>
  </div>
 </body>
</html>
