3756 6158
592 475 677 529 aena
695 477 958 539 Statutenredaction,
976 490 1037 527 vom
1056 469 1138 527 Jeme
1159 476 1230 528 rste.
1566 472 1626 539 543

842 663 949 725 Caput
964 662 996 711 X.

289 760 522 825 Univereorum
546 761 760 824 attentissima
779 782 858 823 cura
878 761 920 822 sit
942 757 1129 822 occasiones
1152 779 1262 821 omnes
1282 757 1487 838 removendi,
1510 754 1626 841 quibus

204 861 275 925 lieri
291 870 410 946 posset,
424 868 461 923 ut
476 861 551 943 igne
573 859 726 923 damnum
748 858 888 923 daretur.
922 858 1061 921 Lumina
1082 855 1308 921 tractabuntur
1330 866 1432 937 caute,
1454 856 1543 940 ligna
1564 877 1628 918 non

203 969 402 1046 reponentur
425 958 467 1022 ad
487 961 635 1023 fornaces
657 970 713 1022 aut
732 960 818 1021 intra
839 956 997 1038 cubicula,
1020 955 1078 1020 sed
1099 955 1181 1035 loca,
1204 976 1286 1041 quae
1308 956 1475 1040 assignata
1498 953 1629 1040 quibus·

204 1080 267 1145 que
299 1059 434 1137 luerint,
466 1057 508 1121 ad
539 1056 623 1121 hunc
652 1079 743 1120 usum
771 1055 992 1120 conducantur
1021 1066 1117 1140 atque
1148 1059 1370 1139 occupentur.¹
1423 1054 1487 1134 Qui
1516 1064 1629 1117 contra
1655 1061 1670 1114 5

206 1159 319 1221 facere
341 1155 497 1220 admoniti
519 1159 743 1242 perrexerint,
776 1178 831 1219 cos
862 1156 1056 1241 permissum
1091 1163 1139 1216 est
1170 1152 1304 1216 locatori
1334 1175 1394 1216 usu
1420 1152 1629 1217 habitationis

209 1259 352 1342 privare.
395 1256 434 1318 ln
455 1255 613 1320 cubiculis
634 1258 765 1341 nequis
786 1257 960 1341 quicquam
981 1253 1111 1333 habeat,
1134 1274 1196 1339 quo
1218 1253 1304 1337 ignis
1327 1251 1525 1317 carbonesve
1546 1273 1630 1315 com-

208 1354 484 1441 praebendantur.

741 1464 874 1554 [8146]
899 1488 1005 1551 Caput
1022 1487 1068 1538 Xl.

289 1587 393 1652 Fores
415 1585 545 1650 aedium
568 1583 695 1671 collegii
718 1584 821 1651 hieme
844 1583 1034 1651 claudentur
1049 1593 1146 1649 noctu
1158 1584 1345 1666 horanona,
1368 1594 1490 1648 aestate
1503 1594 1535 1648 et
1552 1593 1629 1648 tem·
1643 1594 1674 1647 10

205 1684 339 1775 poribus
361 1687 458 1750 trium
480 1694 677 1749 mercatuum
701 1683 780 1747 hora
802 1682 935 1748 decima.
978 1683 1043 1764 Qui
1065 1683 1216 1748 exclusus
1238 1682 1396 1770 pulsando
1418 1682 1630 1748 clamandove

209 1784 252 1850 ad
275 1786 361 1849 soree
383 1795 440 1849 eut
461 1786 495 1848 in
516 1784 627 1872 platea
648 1785 850 1870 importunus
880 1786 992 1866 t'uerit,
1015 1782 1148 1848 multam
1177 1781 1282 1848 solvat
1307 1782 1414 1847 florini
1444 1781 1632 1848 dimidiati.·²

209 1883 275 1964 Qui
307 1905 384 1948 vcro
411 1884 564 1949 famulum
592 1883 745 1948 locatorio
772 1880 824 1947 vel
853 1885 995 1967 coegerit
1023 1885 1089 1947 vim
1119 1881 1300 1963 afferendo,
1328 1882 1379 1946 vel
1407 1881 1632 1968 persuadendo

210 2005 400 2071 quocunque
413 1982 510 2048 modo
525 2006 562 2049 eo
580 1982 781 2071 perduxerit,
799 1993 833 2046 ut
854 2005 913 2047 suo
936 1981 1072 2047 arbitrio
1094 1982 1181 2046 fores
1204 1980 1369 2045 clauderet
1388 1993 1444 2046 aut
1465 1980 1632 2068 penderet,

210 2083 307 2167 quive
324 2084 395 2166 ipse
414 2081 448 2145 in
467 2105 525 2146 sua
546 2090 706 2169 potestate
728 2080 852 2145 clavem
874 2084 993 2146 lorium
1016 2081 1229 2167 publicarum,
1250 2081 1537 2165 quomodocunque
1560 2090 1674 2166 par-15

214 2192 280 2245 tam
291 2230 300 2263 ,
320 2180 487 2262 habuerit,
509 2187 605 2267 quive
628 2203 817 2267 quacunque
841 2180 1020 2245 clanculum
1040 2183 1210 2266 irrepserit
1231 2191 1287 2242 aut
1308 2202 1342 2242 se
1362 2181 1583 2262 insinuaverit,
1606 2182 1633 2244 is

211 2281 307 2345 unius
319 2278 445 2344 florini³
458 2280 589 2344 multam
608 2280 722 2363 solvat,
742 2282 805 2345 nisi
818 2282 935 2367 potius,
958 2292 991 2345 ut
1013 2303 1030 2343 e
1053 2278 1188 2364 collegio
1212 2280 1358 2363 emigret,
1380 2277 1539 2343 iubendus
1561 2301 1632 2343 esee

211 2378 369 2444 videatur.

831 2498 937 2561 Caput
952 2498 1012 2549 ΧΙΙ.

291 2593 538 2680 Disputationes
562 2596 733 2677 serotinae,
756 2594 797 2659 ab
819 2596 950 2679 antiquo
970 2597 1006 2659 in
1029 2594 1236 2679 collegiorum
1259 2591 1379 2657 scholis
1401 2594 1579 2677 institutae,
1601 2603 1676 2659 etto

209 2691 289 2756 alibi
312 2703 344 2755 et
366 2691 454 2779 apud
484 2715 544 2756 nos
574 2695 698 2757 servari
722 2693 837 2780 placet.
887 2693 1011 2779 Estque
1039 2694 1228 2758 exercitatio
1258 2696 1322 2758 ista
1348 2692 1442 2757 valde
1471 2693 1574 2777 utilis,
1606 2698 1634 2759 si

212 2813 291 2854 vcra
312 2792 439 2856 ratione
460 2814 512 2855 res
533 2800 699 2856 tractetur.

294 2886 339 2977 [S.
358 2888 426 2976 tlt]
457 2889 621 2955 Bacularii
651 2893 750 2976 igitur
771 2913 860 2955 more
882 2892 1057 2972 maiorum,
1080 2902 1115 2955 ut
1138 2893 1220 2954 serie
1242 2891 1389 2956 collocati
1409 2893 1537 2956 fuerunt
1559 2916 1635 2957 con·

214 2988 384 3053 suetudine
405 2989 593 3054 academiae
616 3003 765 3072 nostrae,
787 2991 834 3054 ita
857 3013 915 3055 sua
936 2992 1008 3055 vice
1030 2989 1243 3076 disputationi
1265 2990 1473 3076 praesideant
1495 2993 1563 3055 sine
1584 3015 1632 3055 re-

217 3090 404 3171 cusatione,
426 3088 598 3175 descriptis
619 3088 834 3172 thematibus,
864 3089 904 3154 dc
937 3087 1053 3176 quibus
1077 3088 1268 3174 disputetur.
1319 3089 1498 3176 Disputare
1526 3099 1676 3156 aute1u25

215 3186 347 3274 placide
368 3187 464 3252 liceat
486 3188 652 3271 omnibus,
671 3188 787 3274 quibus
809 3189 949 3252 libuerit.
991 3187 1044 3250 Ad
1066 3189 1315 3274 disputationem
1338 3190 1510 3253 convenire
1531 3192 1633 3277 inqui-

216 3287 273 3351 lini
295 3289 479 3372 liequentes
502 3286 637 3369 debent,
660 3310 794 3376 quorum
818 3310 917 3352 causa
941 3288 1142 3373 potissimum
1167 3285 1219 3352 hic
1240 3286 1332 3352 labor
1355 3291 1538 3375 suscipitur.
1573 3290 1634 3354 Lo·

212 3388 316 3450 catori
339 3395 460 3468 autem,
485 3395 553 3450 tota
574 3408 626 3450 res
648 3398 683 3451 ut
702 3409 781 3451 vera
808 3388 933 3451 ratione
954 3385 1197 3451 administretur
1218 3399 1424 3475 geraturque,
1448 3411 1544 3454 curae
1565 3391 1636 3471 erit,

213 3488 284 3566 cui,
306 3484 430 3550 iubenti
458 3484 543 3572 quod
564 3486 635 3549 lieri
657 3488 823 3551 consuevit
843 3498 875 3551 et
896 3485 1010 3567 debet,
1031 3486 1085 3570 qui
1108 3508 1171 3549 non
1193 3490 1356 3572 paruerit,
1379 3487 1495 3553 solvito
1517 3488 1636 3553 multae

215 3585 346 3649 nominc
367 3583 474 3649 florini
496 3583 735 3670 quadrantem⁴
1643 3598 1678 3654 ³0

296 3682 489 3770 Quicunque
511 3687 593 3747 inter
614 3682 845 3769 disputandum
866 3705 956 3766 voce,
979 3705 1067 3765 sono,
1087 3694 1182 3770 gestu
1195 3685 1391 3773 obstrepere,
1412 3685 1557 3770 illudere,
1579 3689 1635 3752 im·

215 3783 329 3870 pedire
351 3782 587 3869 praesidentem
609 3781 775 3863 aurariis,
798 3783 851 3866 qui
874 3793 1002 3863 assunt,
1023 3782 1175 3848 molestus
1196 3807 1266 3849 esse
1286 3799 1317 3849 et
1338 3809 1529 3874 quacunque
1550 3789 1635 3852 inso-

216 3881 318 3946 lentie
328 3904 451 3946 vexare
463 3881 601 3966 aliquem
619 3904 718 3945 ausus
732 3882 838 3961 fuerit,
861 3880 902 3944 ab
925 3904 962 3945 eo
984 3880 1087 3946 inulta
1107 3906 1292 3968 grossorum
1315 3888 1455 3971 quinque
1477 3889 1635 3971 exigatur.

209 3980 247 4046 Si
275 3981 448 4047 insolentia
476 3985 539 4046 ista
567 3980 742 4045 notabilem
770 3979 890 4044 lrabeat
915 3985 1201 4067 importunitatem,
1225 3984 1325 4048 multa
1352 3984 1533 4070 duplicetur
1540 3990 1574 4068 ,l
1600 3988 1634 4053 id

210 4079 298 4167 quod
318 4079 443 4145 locator
464 4078 624 4145 decernet.
1643 4097 1677 4153 35

817 4231 929 4296 Caput
954 4233 1028 4283 xnl.

298 4324 427 4416 [erte]
459 4329 560 4394 Nemo
589 4328 816 4417 inquilinorum
845 4329 999 4394 famulum
1020 4328 1062 4393 ed
1085 4352 1119 4393 se
1140 4332 1278 4420 recipiat
1299 4332 1351 4399 vel
1374 4357 1482 4400 secum
1504 4334 1633 4420 habeat,
1682 4356 1689 4365 ‘

214 4450 310 4514 quem
330 4437 366 4493 ut
390 4430 537 4515 recipere
558 4428 720 4493 habereve
740 4429 770 4491 ei
797 4427 908 4492 liceret
937 4428 1060 4493 locator
1086 4452 1151 4494 non
1173 4435 1369 4499 concesserit
1392 4444 1452 4500 'aut
1479 4458 1574 4521 quem
1602 4450 1637 4502 ut

211 4527 391 4593 dimitteret
403 4528 543 4592 iusserit.
575 4527 639 4592 Pro
659 4551 697 4593 co
716 4536 832 4610 autem,
854 4549 948 4613 quem
968 4531 1186 4594 consentiente
1204 4530 1357 4616 locatore,
1378 4544 1413 4599 ut
1433 4534 1553 4600 dictum
1576 4546 1635 4621 eet,

258 4808 265 4822 .
301 4724 387 4780 tDie
405 4725 505 4782 Warte
529 4733 577 4780 aut
600 4727 675 4780 ivaro
696 4726 754 4780 cub.
772 4723 815 4779 bis
839 4731 1004 4795 occuparetur
1025 4725 1087 4779 sind
1111 4729 1204 4797 opiter
1220 4726 1446 4800 eingeklrrmmert
1463 4732 1521 4787 uod
1537 4733 1635 4790 durch·

211 4807 433 4963 'inchdndpilter
451 4893 559 4963 integri.

297 4975 432 5046 :tsspdter
449 4978 532 5030 Mam
545 4977 723 5046 florenomm.

298 5065 314 5114 l
334 5060 433 5130 Spdter
445 5061 580 5130 stamnum
595 5079 683 5117 anans.

298 5143 431 5216 bspitter
450 5144 613 5217 inplicam,
