3756 6158
254 500 315 566 396
740 506 791 557 nte
814 507 1033 570 philosophlrche
1051 507 1179 560 Facultttt.

250 685 345 750 mitas
365 684 517 755 obstaret.
559 669 668 752 Debet
698 697 805 753 tamen
830 688 951 754 habere
980 698 1117 775 protunc
1143 713 1241 756 unum
1269 689 1304 753 in
1335 687 1441 757 locum
1472 691 1553 773 eius,
1583 691 1665 757 vices

251 784 439 872 supplendo,
460 808 501 851 ne
521 786 601 852 fiant
621 777 844 874 negligenciae
864 786 996 884 ibidem.

531 959 581 1020 22.
603 972 651 1019 nu
671 972 876 1021 nouusrsrn
897 973 943 1019 ur
965 973 1095 1021 naemu
1116 940 1376 1023 nae1srnonun.

331 1084 426 1169 Item,
454 1088 482 1150 si
511 1086 552 1151 de
581 1086 688 1175 aliquo
719 1090 877 1174 magistro
899 1097 1103 1176 ‘compertum
1129 1089 1240 1173 fuerit,
1272 1090 1358 1176 quod
1386 1091 1420 1154 in
1448 1088 1585 1156 comodo
1613 1113 1667 1155 suo

207 1193 224 1248 5
248 1183 413 1270 publicam
435 1187 637 1251 meretricem
652 1176 820 1270 babuerit,
848 1187 900 1253 vel
928 1190 963 1252 in
988 1188 1088 1253 bursa
1110 1188 1161 1252 vel
1192 1187 1257 1254 alia
1276 1188 1372 1254 domo
1396 1211 1453 1254 seu
1477 1188 1667 1255 domuncula

250 1305 308 1348 seu
328 1284 463 1351 comodo
482 1287 645 1350 meretrici
673 1286 822 1373 publicae
842 1285 894 1352 vel
921 1287 1145 1353 meretricibus
1167 1287 1305 1375 publicis
1327 1297 1540 1355 conversatus
1565 1288 1667 1372 fucrit,

248 1381 301 1447 vel
328 1385 363 1448 in
384 1383 615 1450 collacionibus
642 1397 697 1451 aut
724 1385 882 1474 prandiis,
910 1385 966 1451 ubi
994 1387 1090 1452 talem
1111 1387 1164 1452 vel
1190 1388 1272 1453 tales
1301 1411 1372 1454 esse
1400 1389 1547 1471 sciverit,
1576 1388 1668 1453 fuerit

251 1482 303 1548 vel
323 1484 357 1547 in
376 1481 582 1550 habitacione
603 1509 662 1550 sua
683 1485 896 1551 concubinam
925 1486 1055 1573 publice
1076 1487 1229 1570 tenuerit,
1259 1487 1311 1552 vel
1338 1487 1445 1557 locum
1475 1496 1667 1575 suspectum,

249 1583 402 1650 videlicet
429 1583 659 1670 prostibulum,
688 1575 886 1670 visitaverit,
916 1596 973 1651 aut
1003 1587 1031 1650 si
1061 1585 1101 1649 de
1130 1585 1191 1650 hoc
1220 1597 1387 1673 suspectus
1417 1608 1452 1651 se
1482 1608 1666 1673 expurgare

210 1690 242 1746 10
250 1684 432 1768 nequiverit
452 1682 505 1748 vel
527 1684 567 1749 de
588 1684 650 1750 hoc
672 1687 838 1750 convictus
865 1685 980 1749 suerit:
1016 1683 1092 1751 talis
1122 1685 1164 1749 sit
1191 1685 1321 1750 inabilis
1343 1685 1386 1751 ad
1410 1694 1502 1751 actus
1525 1684 1667 1752 scolasti-

249 1802 305 1847 cos
326 1783 542 1849 exercendum
565 1794 596 1850 et
622 1784 665 1849 ad
694 1784 835 1873 aliquem
857 1785 909 1850 vel
931 1784 1057 1872 aliquos
1078 1784 1334 1871 promovendum
1356 1784 1399 1851 ad
1418 1808 1520 1850 unum
1542 1807 1667 1866 annum,

249 1902 309 1946 nec
330 1881 372 1947 ad
400 1883 569 1949 consilium
589 1883 762 1968 facultatis,
790 1885 818 1948 si
840 1884 881 1951 de
901 1886 988 1949 facto
1008 1885 1044 1948 in
1065 1906 1103 1950 eo
1124 1907 1190 1950 non
1216 1885 1327 1967 fuerit,
1349 1885 1412 1949 nisi
1434 1906 1469 1949 sc
1491 1885 1668 1950 correxerit

249 1991 280 2045 et
302 1981 447 2048 facultati
467 2007 564 2071 super
584 1984 647 2049 hoc
667 1984 878 2050 sufficientem
901 1982 1071 2049 emendam
1090 1985 1212 2066 fecerit,
1233 1992 1426 2049 assumatur.

330 2080 410 2146 Item
439 2082 547 2149 nullus
578 2085 807 2170 magistrorum
838 2093 947 2171 portet
978 2082 1113 2172 pallium
1144 2106 1186 2148 ex
1216 2092 1353 2171 utroque
1388 2081 1490 2148 latere
1524 2081 1577 2148 vel
1608 2105 1666 2148 uno

208 2189 397 2267 roupertum
418 2203 491 2248 cum
514 2180 597 2270 [10⁸]
620 2183 730 2270 iopula
750 2183 803 2248 vel
831 2183 993 2268 tunicella,
1021 2206 1104 2271 quae
1130 2205 1195 2248 non
1225 2181 1427 2270 protenditur
1448 2181 1537 2249 ultra
1556 2204 1666 2269 genua

250 2279 316 2360 Qui
339 2281 367 2345 si
391 2283 588 2348 contrarium
608 2283 736 2365 fecerit,
765 2305 823 2370 per
842 2293 910 2348 tres
928 2305 1055 2349 menses
1077 2282 1119 2347 ab
1141 2281 1268 2348 actibus
1291 2280 1470 2347 scolasticis
1491 2288 1525 2346 et
1543 2303 1666 2368 promo·

250 2379 397 2446 cionibus
418 2380 576 2448 faciendis
598 2384 641 2447 sit
661 2404 846 2469 suspensus.
1595 2432 1599 2439 -

333 2479 415 2545 Item
435 2479 568 2567 placuit,
590 2481 676 2569 quod
697 2504 807 2548 omnes
830 2491 862 2548 et
884 2480 1173 2569 singulirmagistri
1194 2482 1318 2548 arcium
1339 2479 1490 2546 decenter
1511 2479 1667 2559 babituati

248 2577 401 2645 incedant
422 2579 539 2645 calceis
560 2603 625 2647 non
645 2583 804 2663 rostratis,
833 2581 947 2668 palleis
968 2590 1026 2646 aut
1045 2583 1163 2647 tunicis
1183 2603 1248 2648 non
1275 2580 1459 2663 accurtatis,
1475 2601 1549 2645 'nec
1570 2581 1666 2644 mani·

206 2680 295 2744 wcis
316 2679 436 2744 strictis
456 2702 559 2768 usque
579 2679 622 2745 ad
646 2680 788 2746 cubitum
811 2681 1016 2767 semiapertis
1039 2690 1095 2746 aut
1116 2679 1255 2746 collariis
1276 2678 1474 2760 cancellatis,
1495 2701 1557 2744 nec
1579 2679 1665 2744 schu·

248 2778 300 2845 bis
327 2779 361 2842 in
389 2789 484 2864 parte
506 2780 662 2845 anteriori
690 2781 812 2867 apertis
840 2781 897 2846 sed
925 2780 1055 2847 nodatis
1077 2803 1134 2845 seu
1157 2779 1276 2845 clausis
1297 2801 1371 2845 cum
1394 2779 1487 2843 uncis
1516 2787 1574 2851 aut
1599 2777 1666 2843 aliis

246 2878 413 2960 iuncturis,
440 2887 496 2943 aut
517 2878 598 2944 alias
619 2889 725 2946 vestes
746 2879 932 2946 indecentes
953 2879 1083 2966 publice
1106 2877 1267 2961 deferant,
1295 2879 1330 2942 in
1358 2876 1478 2965 quibus
1499 2879 1665 2965 magistra·

246 2977 287 3043 lis
308 3000 373 3042 non
393 2977 673 3044 recommendatur
695 2977 848 3064 dignitas.
888 2971 990 3044 Etsi
1017 2980 1072 3066 qui
1096 3001 1187 3045 secus
1213 2979 1349 3044 fecerint
1374 2986 1420 3058 et,
1450 2976 1666 3064 superbona

249 3077 371 3144 decano
392 3077 547 3165 requisiti,
571 3099 606 3142 se
628 3077 799 3143 emendare
820 3101 885 3144 non
907 3079 1105 3158 curaverint,
1132 3077 1174 3143 ab
1201 3077 1350 3143 omnibus
1370 3076 1499 3143 actibus
1525 3078 1664 3146 scolasti-

207 3179 295 3242 ticin
333 3185 367 3242 et
403 3175 626 3242 emolumentis
657 3176 820 3243 facultatis
859 3179 923 3259 sint
956 3179 1119 3264 suspensi,
1153 3175 1256 3243 donec
1286 3175 1435 3242 facultati
1468 3177 1665 3245 reconciliati

246 3277 365 3349 fuerint
385 3285 510 3341 etcum
531 3275 646 3342 effectu
673 3275 714 3340 de
739 3275 797 3341 tali
822 3275 1048 3341 inobediencia
1075 3285 1107 3341 et
1134 3277 1393 3361 transgressione
1418 3279 1550 3342 statutis
1579 3280 1666 3343 satis·

246 3376 390 3441 fecerint
1636 3390 1640 3399 ⁴

468 3514 518 3576 23.
539 3526 586 3572 nn
607 3497 849 3574 annuncians
870 3527 916 3573 ur
939 3525 1111 3586 ononono
1132 3525 1272 3572 nunnus
1295 3524 1444 3572 raxnnn.

327 3640 468 3726 Placuit,
496 3642 582 3730 quod
604 3644 637 3707 in
659 3642 822 3729 principio
845 3642 1015 3707 cuiuslibet
1034 3641 1220 3706 mutationis
1240 3663 1301 3727 per
1321 3640 1511 3707 facultatem
1532 3653 1666 3728 quatuor

203 3751 411 3807 actaxatores
433 3741 473 3808 de
495 3741 629 3807 consilio
651 3741 813 3807 facultatis
841 3762 899 3827 per
925 3751 1044 3806 sortem
1066 3741 1135 3805 sine
1161 3739 1343 3804 differentia
1368 3743 1538 3808 nationum
1568 3743 1664 3830 depu-

245 3850 361 3905 tentur.
402 3841 447 3906 Et
474 3864 593 3924 omnes,
615 3842 758 3908 volentes
782 3863 853 3906 esee
878 3849 953 3904 actu
973 3847 1131 3926 regentes,
1153 3847 1300 3903 tenentur
1324 3848 1410 3904 stare
1430 3842 1465 3906 in
1487 3851 1585 3926 sorte,
1607 3843 1665 3909 hiis

246 3940 349 4005 solum
375 3939 530 4024 exclusis,
562 3943 616 4029 qui
647 3942 737 4028 prins
764 3941 893 4005 fuerunt
922 3948 1095 4007 taxatores.
1139 3937 1204 4018 Qui
1235 3948 1401 4004 taxatores
1433 3952 1574 4029 quatuor
1604 3966 1663 4008 una

248 4063 320 4105 cum
353 4040 475 4106 decano
507 4050 583 4127 post
616 4041 811 4129 principium
843 4040 1016 4105 lectionum
1049 4047 1081 4103 et
1109 4038 1341 4102 exerciciorum
1371 4038 1414 4103 ad
1447 4043 1555 4107 minus
1585 4043 1666 4107 infra

247 4161 400 4223 mensem,
420 4141 623 4207 intimatione
644 4138 775 4228 publica
797 4138 856 4204 sub
878 4137 984 4224 sigillo
1006 4136 1185 4203 decanatus
1207 4138 1398 4224 praemissa,
1422 4143 1566 4228 receptis
1586 4142 1664 4228 regi·

208 4240 328 4304 abstris
362 4262 382 4305 a
413 4238 594 4325 legentibus
616 4249 647 4304 et
678 4237 939 4319 exercitantibus,
972 4236 1014 4303 ad
1045 4236 1224 4302 taxandum
1258 4236 1411 4303 lectiones
1444 4250 1477 4304 et
1509 4241 1666 4305 exercicia

247 4336 452 4404 audiencium
479 4339 574 4404 simul
601 4340 792 4404 conveniant
816 4347 848 4402 et
875 4345 990 4401 taxent
1018 4335 1192 4401 secundum
1220 4334 1349 4401 modum
1377 4335 1488 4422 talem,
1518 4339 1665 4406 videlicet

247 4436 349 4516 qu0d¹
379 4462 439 4527 pro
467 4437 657 4504 lectionibus
687 4447 718 4502 et
744 4437 913 4502 exerciciis
940 4435 1100 4522 recipiant
1128 4445 1229 4500 totum
1259 4458 1279 4499 a
1305 4434 1472 4520 divitibus,
1500 4437 1663 4504 sciliceta

331 4676 342 4726 1
363 4670 416 4727 Die
434 4669 531 4725 worse
548 4688 604 4724 rma
620 4687 680 4723 cum
700 4670 804 4723 daem
826 4668 868 4736 (Z.
884 4667 927 4738 32)
951 4666 994 4723 bis
1011 4666 1137 4722 uidelicet
1162 4671 1238 4738 qrrod
1260 4667 1323 4722 sind
1347 4669 1441 4739 spiiter
1457 4667 1662 4725 durchstrichcu

245 4753 302 4808 und
319 4754 401 4809 dafiir
419 4753 455 4808 ist
477 4770 513 4808 an
538 4753 591 4808 den
609 4752 691 4807 Rand
717 4751 909 4823 gescbricben:
946 4752 1028 4807 Anao
1049 4752 1156 4807 demini
1180 4758 1244 4808 14‘14
1267 4744 1384 4807 sabbato
1403 4759 1467 4808 areta
1485 4753 1660 4826 Philippis

246 4837 343 4890 Iacchi
358 4837 422 4909 (den
441 4843 480 4894 30.
498 4835 589 4909 April)
612 4838 661 4890 aab
682 4837 816 4892 &conum
839 4837 966 4907 maqrbtri
984 4835 1065 4889 Petri
1081 4836 1224 4907 Hofearaa
1245 4836 1351 4908 (truta)
1373 4837 1530 4892 concham
1544 4839 1620 4909 ficit,
1636 4844 1662 4891 at

246 4920 351 4974 mario
374 4921 521 4976 kartam
539 4929 566 4975 at
586 4920 781 4975 macenorum
800 4937 854 4991 per
874 4920 995 4992 amplias
1017 4919 1112 4974 debeat
1129 4922 1199 4987 fieri
1220 4921 1331 4975 dicium
1352 4938 1406 4992 per
1425 4921 1503 4992 ι’ριοε
1522 4929 1659 4988 (παίω,

244 5003 371 5058 videlicet
386 5008 462 5075 osred
475 5006 589 5076 quilibet
607 5013 762 5060 tuaatonau
778 5007 808 5059 ia
825 5007 886 5060 loco
905 5023 971 5059 aroc
988 5005 1171 5057 habitacionis
1190 5011 1263 5059 tacet
1281 5006 1466 5076 persorensis
1483 5008 1592 5063 orabas
1609 5023 1659 5077 pro

244 5086 421 5158 compleam
442 5090 545 5143 matu
565 5091 709 5144 sacomam
729 5090 847 5158 rapistra
871 5090 926 5143 ribi
944 5095 1122 5160 praesentata
1145 5088 1225 5158 absro
1246 5106 1360 5144 manaan
1383 5109 1403 5144 a
1421 5091 1570 5162 principie
1591 5090 1661 5145 §aaa
