3756 6158
690 465 738 514 Die
756 463 876 514 Stamteu
891 477 942 513 ron
962 463 1134 516 rma-1520.
1569 465 1628 527 605

210 644 333 732 placuit
354 644 510 726 facultati,
531 653 567 709 ut
588 645 799 710 assumendus
821 645 985 711 domiuum
1005 652 1179 726 rectorem,
1202 642 1233 707 d.
1255 641 1412 706 decanum
1434 641 1626 727 theologiae,

210 744 463 809 dordinarium
483 745 563 808 iuris
585 753 616 808 et
639 745 669 809 d.
698 745 854 810 decanum
884 743 1047 809 facultatis
1075 744 1191 806 artium
1223 764 1280 830 per
1309 743 1499 827 magistrum
1531 763 1628 805 unum

210 854 265 908 aut
286 843 367 908 duos
388 842 567 907 medicinae
589 844 752 909 scholares
773 845 815 909 ad
838 843 1091 930 disputationem
1113 844 1242 923 invitet,
1265 851 1296 905 et
1317 850 1352 905 ut
1372 850 1515 905 mutuum
1530 839 1628 904 hono·

209 965 276 1008 rem
300 942 344 1006 hii
366 954 504 1028 quatuor
526 942 670 1028 hospites
693 955 867 1030 reportent,
890 944 1054 1007 decretum
1077 953 1141 1021 est,
1169 940 1255 1027 quod
1286 938 1497 1004 assumendus
1528 940 1629 1002 eisin

208 1041 362 1106 honorem
384 1063 522 1107 unacum
544 1043 758 1128 positionibus
781 1056 918 1128 quatuor
940 1040 1042 1112 libras
1064 1041 1194 1104 zuccari
1222 1040 1357 1104 contecti
1383 1037 1513 1103 domum
1541 1037 1626 1103 dono
1653 1047 1669 1100 5

209 1143 324 1221 mittat,
348 1141 394 1205 ita
416 1139 502 1227 quod
525 1141 643 1226 singuli
664 1140 782 1207 libram
805 1164 902 1206 unam
924 1143 957 1204 in
980 1163 1095 1203 munus
1116 1140 1288 1224 recipiant.

293 1272 344 1336 De
377 1275 516 1359 pecunia
548 1284 673 1357 autem,
709 1297 804 1361 quam
840 1273 936 1337 solvit
971 1271 1184 1335 assumendus
1200 1271 1323 1351 doctor,
1347 1283 1468 1357 ponant
1477 1269 1626 1335 doctores

210 1370 250 1436 de
273 1371 405 1437 consilio
433 1371 596 1437 facultatis
624 1373 704 1438 duos
730 1373 762 1437 fl.
790 1371 832 1437 ad
858 1372 989 1452 fiscum,
1034 1382 1066 1435 et
1096 1369 1254 1455 reliquam
1286 1372 1455 1457 pecuniam
1481 1371 1564 1433 inter
1595 1390 1629 1431 se

208 1471 364 1537 dividant

734 1673 1064 1684 -.————--..-

303 1896 419 1954 Wieder
440 1916 497 1954 von
518 1898 648 1954 anderer
670 1896 767 1953 Hand
787 1895 825 1952 ist
846 1899 902 1954 das
924 1897 1083 1972 Folqende,

300 2084 348 2143 m.
378 2073 439 2162 [Bl.
463 2074 534 2163 12⁸]
564 2095 609 2141 oa
640 2094 826 2140 usrnrrnru
850 2092 1163 2140 rnonovsunonun
1186 2094 1229 2139 ar
1253 2093 1543 2142 ascomannorum

292 2227 386 2292 Anno
409 2226 452 2290 M.
474 2228 515 2291 D.
539 2246 597 2290 vlu
619 2227 678 2291 sub
701 2227 860 2291 decanatu
883 2226 1024 2290 doctoris
1043 2225 1175 2289 Ioannis
1196 2226 1398 2314 Landsperg,
1421 2251 1493 2291 cum
1515 2226 1629 2290 Heuri·

211 2349 268 2390 cus
290 2325 433 2390 Stromer
454 2326 677 2407 Aurbachius,
708 2326 880 2392 Conradus
911 2324 1053 2390 Tockler
1076 2325 1229 2407 Noricus,
1258 2328 1379 2390 arcium
1403 2327 1569 2412 magistri,
1599 2333 1632 2388 et

211 2427 340 2511 Caspar
362 2424 501 2511 Kegeler
522 2449 560 2489 ac
582 2425 732 2490 Baltasar
754 2427 917 2512 Lotwiger
946 2424 1129 2505 Hallensis,
1174 2448 1237 2489 non
1265 2427 1429 2510 magistri,
1465 2426 1631 2512 pecierunt

212 2524 493 2589 baccalaureatum
525 2525 717 2607 medicinae,
758 2538 834 2589 tunc
860 2537 992 2611 propter
1023 2524 1103 2588 duos
1131 2547 1195 2588 non
1220 2526 1394 2610 magistros
1417 2525 1548 2590 suborta
1568 2524 1629 2588 fuit
1641 2532 1671 2586 15

209 2627 322 2710 gravis
349 2622 522 2689 altercacio
545 2627 627 2688 inter
651 2624 811 2690 doctores.
855 2624 936 2690 Cum
965 2636 1071 2688 autem
1101 2647 1163 2689 non
1194 2636 1326 2710 possent
1351 2624 1422 2689 illos
1444 2647 1508 2689 non
1528 2624 1627 2708 magi·

213 2737 296 2788 stroa
319 2722 510 2810 repudiare,
539 2746 580 2787 ex
608 2747 670 2811 quo
699 2747 762 2788 non
791 2722 955 2787 habebant
984 2734 1137 2787 statutum
1160 2725 1240 2810 ipsis
1272 2726 1467 2788 contrarium
1488 2739 1520 2788 et
1539 2724 1629 2809 prius

212 2823 386 2910 aliquando
407 2823 528 2887 factum
550 2824 628 2905 fuit,
671 2834 744 2908 post
764 2824 1005 2908 promocionem
1028 2823 1175 2907 magistri
1197 2822 1330 2887 Henrici
1361 2823 1547 2904 Aurbachs,
1575 2822 1629 2906 qui

213 2921 301 2986 solus
323 2920 384 2985 sub
407 2945 463 2986 suo
484 2927 662 2986 rectoratu¹
687 2921 797 2986 eodem
821 2944 906 2986 anno
931 2921 1161 2985 baccalaureus
1184 2933 1350 3009 promotus
1374 2925 1448 3003 lirit,
1478 2921 1533 2987 alii
1555 2920 1628 3002 duo,

211 3045 275 3085 uon
296 3022 454 3106 magistri,
477 3044 549 3084 cum
570 3022 728 3106 magistro
741 3019 893 3084 Conrado
918 3021 1035 3086 Norico
1058 3044 1141 3085 anno
1165 3023 1391 3087 inuenerunt
1412 3024 1445 3085 in
1467 3021 1670 3086 medicinam

212 3118 416 3184 baccalaurei
430 3122 578 3206 promoti.
601 3119 710 3199 Quare
726 3131 801 3183 tuuc
824 3121 975 3184 concordi
996 3143 1052 3185 ore
1074 3119 1249 3184 secundum
1271 3132 1480 3208 praeceptum
1494 3119 1629 3185 Galeni²

210 3218 396 3284 conclusum
418 3231 468 3285 est
489 3243 546 3306 per
569 3241 679 3283 omnes
701 3217 860 3300 doctores,
882 3219 968 3306 quod
989 3220 1092 3284 nullus
1113 3221 1146 3284 in
1168 3232 1330 3307 posterum
1354 3223 1385 3283 in
1405 3221 1513 3308 aliquo
1523 3217 1629 3306 gradu

210 3321 361 3405 insigniri
389 3334 444 3383 aut
472 3319 513 3383 ad
539 3316 783 3382 contubernium
810 3342 867 3383 seu
893 3318 1061 3405 collegium
1092 3318 1288 3384 medicorum
1318 3323 1472 3386 assummi
1501 3318 1628 3400 debeat,

213 3420 291 3506 quin
310 3419 352 3482 sit
371 3417 553 3483 liberalium
575 3418 698 3482 arcium
715 3419 881 3503 magister.
908 3417 1005 3498 Quod
1025 3418 1134 3483 itidem
1158 3418 1392 3484 conclamatum
1414 3432 1464 3484 est
1483 3441 1543 3506 per
1564 3441 1629 3483 om-

214 3540 271 3582 nes
296 3528 328 3582 et
349 3517 492 3604 singulos
515 3517 695 3581 medicinae
716 3515 863 3581 doctores
886 3540 970 3582 anno
993 3537 1027 3582 rr.
1048 3537 1080 3583 υ.
1102 3538 1140 3583 xl
1162 3529 1236 3604 post
1249 3521 1488 3605 promocionem
1499 3517 1670 3582 illorum2t

209 3626 363 3704 quattuor
385 3617 629 3697 nominatorum,
651 3617 705 3702 qui
727 3630 921 3703 acceperunt
942 3640 979 3682 eo
1001 3641 1085 3683 anno
1115 3629 1165 3682 x1⁰
1196 3635 1245 3682 1111
1273 3617 1326 3681 die
1348 3618 1541 3684 Novembris
1561 3616 1628 3682 lau-

209 3737 300 3780 ream
322 3715 535 3798 doctoralem,
562 3727 594 3779 et
615 3726 788 3800 postremo,
810 3717 939 3801 quando
961 3717 1008 3781 illi
1031 3728 1181 3806 quattuor
1207 3719 1337 3782 fuerunt
1365 3717 1408 3782 ad
1442 3717 1629 3783 facultatem

211 3818 336 3901 recepti
358 3814 409 3878 die
430 3831 459 3878 v.
483 3814 687 3895 Novembris,
710 3813 821 3878 eodem
844 3818 897 3881 die
920 3817 1135 3903 approbatum
1158 3828 1207 3880 eat
1228 3841 1286 3904 per
1316 3816 1389 3882 illos
1417 3830 1567 3905 quattuor
1597 3826 1629 3880 et

211 3936 322 3978 omnes
345 3913 492 3979 doctores
515 3914 554 3978 de
576 3913 721 3998 collegio,
744 3925 778 3977 ut
797 3915 903 3980 nullus
926 3919 958 3979 in
980 3916 1185 3999 tirturumad
1206 3916 1385 3980 medicinae
1408 3919 1548 4003 insignia
1571 3925 1627 3979 aut

208 4012 348 4098 gradum
362 4011 549 4076 admittatur
572 4035 631 4077 nec
653 4013 695 4076 ad
717 4014 960 4078 contubernium
982 4015 1146 4081 doctorum
1170 4030 1225 4080 aut
1245 4015 1408 4081 facultatis
1430 4027 1622 4095 assumatur,
1636 4024 1670 4078 30

208 4113 286 4198 quin
306 4112 349 4175 sit
368 4110 550 4176 liberalium
574 4116 697 4177 arcium
720 4117 902 4198 magister.³

751 4317 1080 4325 -——--——-—.0-

293 4504 361 4577 Auf
378 4507 440 4562 dem
463 4504 668 4579 Papicrblatte
689 4503 779 4561 neben
813 4507 874 4561 dem
904 4504 1023 4560 tintern
1045 4507 1228 4564 Bucldsclrel
1247 4507 1353 4585 finden
1383 4508 1444 4565 siclt
1471 4508 1544 4564 noch
1564 4507 1627 4579 sol·

206 4607 302 4680 pende
324 4605 404 4662 bride
426 4605 606 4662 Formulare
633 4605 838 4680 einqetraqen:

296 4871 304 4918 1
327 4864 426 4919 Hinter
442 4873 581 4918 rectomta
597 4865 633 4918 ist
651 4863 721 4918 noch
740 4863 840 4917 einmul
858 4881 907 4916 mo
926 4863 1090 4918 wiederholt.

295 4953 310 5003 2
328 4950 381 5002 Am
401 4950 512 5004 Raude:
530 4950 656 5003 Secundo
673 4951 708 5002 de
725 4949 794 5001 locis
811 4949 918 5019 affectis
935 4966 977 5001 ea.
999 4955 1020 5002 1.

293 5041 309 5087 3
327 5035 371 5086 Au
398 5034 450 5088 den
475 5035 553 5088 ltaud
577 5036 611 5087 ist
634 5031 823 5103 geaclrriebcn:
861 5032 946 5084 Plato
972 5038 994 5086 3.
1017 5035 1050 5085 de
1072 5034 1213 5103 republica
1236 5036 1339 5089 scilicet
1363 5037 1439 5103 foder
1459 5039 1577 5110 aimilel)
1594 5040 1629 5092 dc
