<?xml version="1.0" encoding="UTF-8"?>
<!DOCTYPE html PUBLIC "-//W3C//DTD XHTML 1.0 Transitional//EN"
    "http://www.w3.org/TR/xhtml1/DTD/xhtml1-transitional.dtd">
<html xmlns="http://www.w3.org/1999/xhtml" xml:lang="en" lang="en">
 <head>
  <title>
</title>
<meta http-equiv="Content-Type" content="text/html;charset=utf-8" />
  <meta name='ocr-system' content='tesseract 3.04.00' />
  <meta name='ocr-capabilities' content='ocr_page ocr_carea ocr_par ocr_line ocrx_word'/>
</head>
<body>
  <div class='ocr_page' id='page_1' title='image "./diestatutenbche00univgoog_0617.png"; bbox 0 0 3756 6158; ppageno 0'>
   <div class='ocr_carea' id='block_1_1' title="bbox 248 445 1161 516">
    <p class='ocr_par' dir='ltr' id='par_1_1' title="bbox 248 445 1161 516">
     <span class='ocr_line' id='line_1_1' title="bbox 248 445 1161 516; baseline 0.004 -20"><span class='ocrx_word' id='word_1_1' title='bbox 248 449 308 516; x_wconf 77' lang='lat'><strong>598</strong></span> <span class='ocrx_word' id='word_1_2' title='bbox 761 446 812 497; x_wconf 85' lang='lat' dir='ltr'><strong>Die</strong></span> <span class='ocrx_word' id='word_1_3' title='bbox 830 445 1016 498; x_wconf 82' lang='lat' dir='ltr'><strong>medicinische</strong></span> <span class='ocrx_word' id='word_1_4' title='bbox 1034 447 1161 501; x_wconf 76' lang='lat' dir='ltr'><strong>Faculttit.</strong></span> 
     </span>
    </p>
   </div>
   <div class='ocr_carea' id='block_1_2' title="bbox 130 627 1669 815">
    <p class='ocr_par' dir='ltr' id='par_1_2' title="bbox 130 627 1669 815">
     <span class='ocr_line' id='line_1_2' title="bbox 245 627 1669 718; baseline 0 -23"><span class='ocrx_word' id='word_1_5' title='bbox 245 630 329 695; x_wconf 91' lang='lat' dir='ltr'><strong>centi</strong></span> <span class='ocrx_word' id='word_1_6' title='bbox 349 627 505 694; x_wconf 81' lang='lat' dir='ltr'><strong>habeatur</strong></span> <span class='ocrx_word' id='word_1_7' title='bbox 526 629 690 712; x_wconf 89' lang='lat' dir='ltr'><strong>memoria,</strong></span> <span class='ocrx_word' id='word_1_8' title='bbox 712 627 853 694; x_wconf 91' lang='lat' dir='ltr'><strong>decanus</strong></span> <span class='ocrx_word' id='word_1_9' title='bbox 880 627 1011 694; x_wconf 91' lang='lat' dir='ltr'><strong>eosdem</strong></span> <span class='ocrx_word' id='word_1_10' title='bbox 1040 627 1083 694; x_wconf 91' lang='lat' dir='ltr'><strong>ad</strong></span> <span class='ocrx_word' id='word_1_11' title='bbox 1110 629 1252 718; x_wconf 91' lang='lat' dir='ltr'><strong>aliquem</strong></span> <span class='ocrx_word' id='word_1_12' title='bbox 1278 637 1464 695; x_wconf 87' lang='lat' dir='ltr'><strong>sexternum</strong></span> <span class='ocrx_word' id='word_1_13' title='bbox 1496 627 1669 717; x_wconf 79' lang='lat' dir='ltr'><strong>specialem</strong></span> 
     </span>
     <span class='ocr_line' id='line_1_3' title="bbox 130 729 848 815; baseline 0 -20"><span class='ocrx_word' id='word_1_14' title='bbox 130 776 134 784; x_wconf 87' lang='lat'>-</span> <span class='ocrx_word' id='word_1_15' title='bbox 245 731 436 815; x_wconf 90' lang='lat' dir='ltr'><strong>consignare</strong></span> <span class='ocrx_word' id='word_1_16' title='bbox 458 729 555 795; x_wconf 91' lang='lat' dir='ltr'><strong>debet</strong></span> <span class='ocrx_word' id='word_1_17' title='bbox 574 752 646 795; x_wconf 93' lang='lat' dir='ltr'><strong>esse</strong></span> <span class='ocrx_word' id='word_1_18' title='bbox 668 730 848 795; x_wconf 88' lang='lat' dir='ltr'><strong>astrictus¹.</strong></span> 
     </span>
    </p>
   </div>
   <div class='ocr_carea' id='block_1_3' title="bbox 203 959 1639 1226">
    <p class='ocr_par' dir='ltr' id='par_1_3' title="bbox 203 959 1639 1226">
     <span class='ocr_line' id='line_1_4' title="bbox 278 959 1639 1051; baseline 0.001 -25"><span class='ocrx_word' id='word_1_19' title='bbox 278 961 448 1027; x_wconf 86' lang='lat' dir='ltr'><strong>Statuta</strong></span> <span class='ocrx_word' id='word_1_20' title='bbox 470 963 782 1028; x_wconf 89' lang='lat' dir='ltr'><strong>concernencia</strong></span> <span class='ocrx_word' id='word_1_21' title='bbox 803 959 1099 1026; x_wconf 90' lang='lat' dir='ltr'><strong>licenciandos</strong></span> <span class='ocrx_word' id='word_1_22' title='bbox 1120 962 1160 1025; x_wconf 94' lang='lat' dir='ltr'><strong>in</strong></span> <span class='ocrx_word' id='word_1_23' title='bbox 1183 959 1430 1046; x_wconf 82' lang='lat' dir='ltr'><strong>medicinis,</strong></span> <span class='ocrx_word' id='word_1_24' title='bbox 1455 963 1639 1051; x_wconf 83' lang='lat' dir='ltr'><strong>quassis</strong></span> 
     </span>
     <span class='ocr_line' id='line_1_5' title="bbox 307 1059 1612 1149; baseline 0 -23"><span class='ocrx_word' id='word_1_25' title='bbox 307 1060 393 1147; x_wconf 92' lang='lat' dir='ltr'><strong>legi</strong></span> <span class='ocrx_word' id='word_1_26' title='bbox 415 1061 567 1128; x_wconf 89' lang='lat' dir='ltr'><strong>debent</strong></span> <span class='ocrx_word' id='word_1_27' title='bbox 587 1071 775 1149; x_wconf 90' lang='lat' dir='ltr'><strong>tempore</strong></span> <span class='ocrx_word' id='word_1_28' title='bbox 798 1059 971 1148; x_wconf 90' lang='lat' dir='ltr'><strong>petendi</strong></span> <span class='ocrx_word' id='word_1_29' title='bbox 991 1061 1179 1127; x_wconf 84' lang='lat' dir='ltr'><strong>favorem</strong></span> <span class='ocrx_word' id='word_1_30' title='bbox 1202 1082 1329 1148; x_wconf 90' lang='lat' dir='ltr'><strong>super</strong></span> <span class='ocrx_word' id='word_1_31' title='bbox 1349 1061 1612 1128; x_wconf 78' lang='lat' dir='ltr'><strong>admissione</strong></span> 
     </span>
     <span class='ocr_line' id='line_1_6' title="bbox 203 1159 1141 1226; baseline -0.002 0"><span class='ocrx_word' id='word_1_32' title='bbox 203 1172 220 1226; x_wconf 76' lang='lat' dir='ltr'><strong>t</strong></span> <span class='ocrx_word' id='word_1_33' title='bbox 783 1159 832 1226; x_wconf 89' lang='lat' dir='ltr'><strong>ad</strong></span> <span class='ocrx_word' id='word_1_34' title='bbox 857 1159 1141 1225; x_wconf 89' lang='lat' dir='ltr'><strong>licenciatum.</strong></span> 
     </span>
    </p>
   </div>
   <div class='ocr_carea' id='block_1_4' title="bbox 289 1374 1634 1544">
    <p class='ocr_par' dir='ltr' id='par_1_4' title="bbox 289 1374 1634 1544">
     <span class='ocr_line' id='line_1_7' title="bbox 289 1374 1634 1466; baseline 0.001 -21"><span class='ocrx_word' id='word_1_35' title='bbox 289 1383 337 1445; x_wconf 79' lang='lat'><strong>21.</strong></span> <span class='ocrx_word' id='word_1_36' title='bbox 362 1374 425 1466; x_wconf 79' lang='lat' dir='ltr'><strong>[oa]</strong></span> <span class='ocrx_word' id='word_1_37' title='bbox 448 1381 702 1445; x_wconf 74' lang='lat' dir='ltr'><strong>nscaucrarnns</strong></span> <span class='ocrx_word' id='word_1_38' title='bbox 723 1395 886 1444; x_wconf 73' lang='lat' dir='ltr'><strong>ranarum</strong></span> <span class='ocrx_word' id='word_1_39' title='bbox 907 1393 1133 1444; x_wconf 81' lang='lat' dir='ltr'><strong>rsomsrsaa</strong></span> <span class='ocrx_word' id='word_1_40' title='bbox 1154 1393 1268 1444; x_wconf 80' lang='lat' dir='ltr'><strong>vanna</strong></span> <span class='ocrx_word' id='word_1_41' title='bbox 1292 1394 1448 1447; x_wconf 83' lang='lat' dir='ltr'><strong>sssvssa</strong></span> <span class='ocrx_word' id='word_1_42' title='bbox 1471 1397 1634 1448; x_wconf 80' lang='lat' dir='ltr'><strong>srsrurs</strong></span> 
     </span>
     <span class='ocr_line' id='line_1_8' title="bbox 844 1494 1070 1544; baseline -0.004 -1"><span class='ocrx_word' id='word_1_43' title='bbox 844 1494 1070 1544; x_wconf 79' lang='lat' dir='ltr'><strong>rscnnrsrrs.</strong></span> 
     </span>
    </p>
   </div>
   <div class='ocr_carea' id='block_1_5' title="bbox 210 1659 1673 2049">
    <p class='ocr_par' dir='ltr' id='par_1_5' title="bbox 332 1659 1671 1729">
     <span class='ocr_line' id='line_1_9' title="bbox 332 1659 1671 1729; baseline 0.002 -3"><span class='ocrx_word' id='word_1_44' title='bbox 332 1659 447 1727; x_wconf 85' lang='lat' dir='ltr'><strong>Nullus</strong></span> <span class='ocrx_word' id='word_1_45' title='bbox 468 1661 701 1728; x_wconf 81' lang='lat' dir='ltr'><strong>baccalaureus</strong></span> <span class='ocrx_word' id='word_1_46' title='bbox 722 1670 779 1727; x_wconf 90' lang='lat' dir='ltr'><strong>aut</strong></span> <span class='ocrx_word' id='word_1_47' title='bbox 796 1659 1019 1727; x_wconf 89' lang='lat' dir='ltr'><strong>licenciandus</strong></span> <span class='ocrx_word' id='word_1_48' title='bbox 1039 1662 1074 1726; x_wconf 92' lang='lat' dir='ltr'><strong>in</strong></span> <span class='ocrx_word' id='word_1_49' title='bbox 1094 1660 1266 1726; x_wconf 83' lang='lat' dir='ltr'><strong>medicinis</strong></span> <span class='ocrx_word' id='word_1_50' title='bbox 1278 1660 1321 1726; x_wconf 90' lang='lat' dir='ltr'><strong>ad</strong></span> <span class='ocrx_word' id='word_1_51' title='bbox 1331 1660 1504 1728; x_wconf 87' lang='lat' dir='ltr'><strong>licenciam</strong></span> <span class='ocrx_word' id='word_1_52' title='bbox 1514 1663 1551 1728; x_wconf 91' lang='lat' dir='ltr'><strong>in</strong></span> <span class='ocrx_word' id='word_1_53' title='bbox 1562 1663 1671 1729; x_wconf 61' lang='lat' dir='ltr'><strong>adem</strong></span> 
     </span>
    </p>

    <p class='ocr_par' dir='ltr' id='par_1_6' title="bbox 249 1759 1673 1848">
     <span class='ocr_line' id='line_1_10' title="bbox 249 1759 1673 1848; baseline 0.002 -22"><span class='ocrx_word' id='word_1_54' title='bbox 249 1759 449 1844; x_wconf 88' lang='lat' dir='ltr'><strong>admittatur,</strong></span> <span class='ocrx_word' id='word_1_55' title='bbox 472 1762 536 1827; x_wconf 91' lang='lat' dir='ltr'><strong>nisi</strong></span> <span class='ocrx_word' id='word_1_56' title='bbox 557 1763 647 1848; x_wconf 90' lang='lat' dir='ltr'><strong>prius</strong></span> <span class='ocrx_word' id='word_1_57' title='bbox 672 1783 782 1826; x_wconf 86' lang='lat' dir='ltr'><strong>coram</strong></span> <span class='ocrx_word' id='word_1_58' title='bbox 805 1761 927 1827; x_wconf 90' lang='lat' dir='ltr'><strong>decano</strong></span> <span class='ocrx_word' id='word_1_59' title='bbox 949 1769 981 1825; x_wconf 89' lang='lat' dir='ltr'><strong>et</strong></span> <span class='ocrx_word' id='word_1_60' title='bbox 1000 1761 1240 1826; x_wconf 88' lang='lat' dir='ltr'><strong>convocacione</strong></span> <span class='ocrx_word' id='word_1_61' title='bbox 1259 1762 1365 1826; x_wconf 89' lang='lat' dir='ltr'><strong>tocius</strong></span> <span class='ocrx_word' id='word_1_62' title='bbox 1395 1761 1564 1828; x_wconf 73' lang='lat' dir='ltr'><strong>facultatis</strong></span> <span class='ocrx_word' id='word_1_63' title='bbox 1592 1764 1673 1828; x_wconf 79' lang='lat' dir='ltr'><strong>iura</strong></span> 
     </span>
    </p>

    <p class='ocr_par' dir='ltr' id='par_1_7' title="bbox 210 1858 1673 2049">
     <span class='ocr_line' id='line_1_11' title="bbox 210 1858 1673 1949; baseline 0.003 -24"><span class='ocrx_word' id='word_1_64' title='bbox 210 1870 243 1926; x_wconf 86' lang='lat'><strong>10</strong></span> <span class='ocrx_word' id='word_1_65' title='bbox 254 1860 338 1925; x_wconf 88' lang='lat' dir='ltr'><strong>verit</strong></span> <span class='ocrx_word' id='word_1_66' title='bbox 357 1858 440 1925; x_wconf 88' lang='lat' dir='ltr'><strong>velle</strong></span> <span class='ocrx_word' id='word_1_67' title='bbox 462 1883 594 1926; x_wconf 89' lang='lat' dir='ltr'><strong>servare</strong></span> <span class='ocrx_word' id='word_1_68' title='bbox 616 1870 736 1927; x_wconf 89' lang='lat' dir='ltr'><strong>statuta</strong></span> <span class='ocrx_word' id='word_1_69' title='bbox 756 1859 930 1944; x_wconf 82' lang='lat' dir='ltr'><strong>facultatis,</strong></span> <span class='ocrx_word' id='word_1_70' title='bbox 954 1882 1037 1946; x_wconf 88' lang='lat' dir='ltr'><strong>quae</strong></span> <span class='ocrx_word' id='word_1_71' title='bbox 1059 1869 1134 1926; x_wconf 89' lang='lat' dir='ltr'><strong>eunt</strong></span> <span class='ocrx_word' id='word_1_72' title='bbox 1155 1869 1188 1925; x_wconf 92' lang='lat' dir='ltr'><strong>et</strong></span> <span class='ocrx_word' id='word_1_73' title='bbox 1208 1868 1302 1926; x_wconf 91' lang='lat' dir='ltr'><strong>erunt</strong></span> <span class='ocrx_word' id='word_1_74' title='bbox 1321 1883 1381 1949; x_wconf 89' lang='lat' dir='ltr'><strong>pro</strong></span> <span class='ocrx_word' id='word_1_75' title='bbox 1405 1860 1492 1928; x_wconf 93' lang='lat' dir='ltr'><strong>bono</strong></span> <span class='ocrx_word' id='word_1_76' title='bbox 1512 1862 1673 1929; x_wconf 80' lang='lat' dir='ltr'><strong>facultatis</strong></span> 
     </span>
     <span class='ocr_line' id='line_1_12' title="bbox 252 1960 735 2049; baseline 0.006 -26"><span class='ocrx_word' id='word_1_77' title='bbox 252 1967 285 2024; x_wconf 89' lang='lat' dir='ltr'><strong>et</strong></span> <span class='ocrx_word' id='word_1_78' title='bbox 305 1982 364 2047; x_wconf 90' lang='lat' dir='ltr'><strong>per</strong></span> <span class='ocrx_word' id='word_1_79' title='bbox 386 1960 522 2025; x_wconf 90' lang='lat' dir='ltr'><strong>eandem</strong></span> <span class='ocrx_word' id='word_1_80' title='bbox 543 1960 735 2049; x_wconf 88' lang='lat' dir='ltr'><strong>approbata.</strong></span> 
     </span>
    </p>
   </div>
   <div class='ocr_carea' id='block_1_6' title="bbox 251 2199 1677 2363">
    <p class='ocr_par' dir='ltr' id='par_1_8' title="bbox 251 2199 1677 2363">
     <span class='ocr_line' id='line_1_13' title="bbox 251 2199 1677 2264; baseline 0.002 -3"><span class='ocrx_word' id='word_1_81' title='bbox 251 2199 299 2262; x_wconf 78' lang='lat'><strong>22</strong></span> <span class='ocrx_word' id='word_1_82' title='bbox 320 2211 573 2261; x_wconf 80' lang='lat' dir='ltr'><strong>nrcnrcnsnus</strong></span> <span class='ocrx_word' id='word_1_83' title='bbox 594 2211 683 2260; x_wconf 80' lang='lat' dir='ltr'><strong>ross</strong></span> <span class='ocrx_word' id='word_1_84' title='bbox 706 2209 1034 2258; x_wconf 73' lang='lat' dir='ltr'><strong>saccsnsnaasruu</strong></span> <span class='ocrx_word' id='word_1_85' title='bbox 1056 2210 1221 2260; x_wconf 84' lang='lat' dir='ltr'><strong>rsrarus</strong></span> <span class='ocrx_word' id='word_1_86' title='bbox 1241 2211 1396 2261; x_wconf 67' lang='lat' dir='ltr'><strong>annnam</strong></span> <span class='ocrx_word' id='word_1_87' title='bbox 1411 2213 1480 2261; x_wconf 83' lang='lat' dir='ltr'><strong>raa</strong></span> <span class='ocrx_word' id='word_1_88' title='bbox 1496 2205 1677 2264; x_wconf 70' lang='lat' dir='ltr'><strong>namneus</strong></span> 
     </span>
     <span class='ocr_line' id='line_1_14' title="bbox 292 2294 1632 2363; baseline 0.002 -5"><span class='ocrx_word' id='word_1_89' title='bbox 292 2294 478 2358; x_wconf 76' lang='lat' dir='ltr'><strong>amurmss²</strong></span> <span class='ocrx_word' id='word_1_90' title='bbox 494 2309 680 2360; x_wconf 79' lang='lat' dir='ltr'><strong>nocroaas</strong></span> <span class='ocrx_word' id='word_1_91' title='bbox 701 2310 917 2358; x_wconf 83' lang='lat' dir='ltr'><strong>nmrosuras</strong></span> <span class='ocrx_word' id='word_1_92' title='bbox 937 2310 1118 2359; x_wconf 83' lang='lat' dir='ltr'><strong>scnrvrsss</strong></span> <span class='ocrx_word' id='word_1_93' title='bbox 1139 2311 1185 2359; x_wconf 81' lang='lat' dir='ltr'><strong>ss</strong></span> <span class='ocrx_word' id='word_1_94' title='bbox 1208 2311 1409 2360; x_wconf 74' lang='lat' dir='ltr'><strong>rascmcsu</strong></span> <span class='ocrx_word' id='word_1_95' title='bbox 1430 2301 1632 2363; x_wconf 83' lang='lat' dir='ltr'><strong>vrs1rssss.⁸</strong></span> 
     </span>
    </p>
   </div>
   <div class='ocr_carea' id='block_1_7' title="bbox 212 2475 1678 3060">
    <p class='ocr_par' dir='ltr' id='par_1_9' title="bbox 336 2475 1677 2560">
     <span class='ocr_line' id='line_1_15' title="bbox 336 2475 1677 2560; baseline 0.003 -19"><span class='ocrx_word' id='word_1_96' title='bbox 336 2475 480 2557; x_wconf 79' lang='lat' dir='ltr'><strong>Quilibet</strong></span> <span class='ocrx_word' id='word_1_97' title='bbox 499 2476 732 2542; x_wconf 85' lang='lat' dir='ltr'><strong>baccalaureus</strong></span> <span class='ocrx_word' id='word_1_98' title='bbox 755 2478 789 2543; x_wconf 93' lang='lat' dir='ltr'><strong>in</strong></span> <span class='ocrx_word' id='word_1_99' title='bbox 809 2477 978 2542; x_wconf 88' lang='lat' dir='ltr'><strong>medicinis</strong></span> <span class='ocrx_word' id='word_1_100' title='bbox 1002 2486 1034 2542; x_wconf 89' lang='lat' dir='ltr'><strong>et</strong></span> <span class='ocrx_word' id='word_1_101' title='bbox 1052 2475 1292 2560; x_wconf 88' lang='lat' dir='ltr'><strong>licenciandus‚</strong></span> <span class='ocrx_word' id='word_1_102' title='bbox 1335 2478 1448 2544; x_wconf 90' lang='lat' dir='ltr'><strong>volens</strong></span> <span class='ocrx_word' id='word_1_103' title='bbox 1476 2477 1608 2544; x_wconf 85' lang='lat' dir='ltr'><strong>admitti</strong></span> <span class='ocrx_word' id='word_1_104' title='bbox 1637 2479 1677 2545; x_wconf 85' lang='lat' dir='ltr'><strong>ad</strong></span> 
     </span>
    </p>

    <p class='ocr_par' dir='ltr' id='par_1_10' title="bbox 212 2576 1678 3060">
     <span class='ocr_line' id='line_1_16' title="bbox 212 2576 1678 2663; baseline 0.001 -21"><span class='ocrx_word' id='word_1_105' title='bbox 212 2585 243 2642; x_wconf 83' lang='lat'><strong>15</strong></span> <span class='ocrx_word' id='word_1_106' title='bbox 253 2576 422 2642; x_wconf 88' lang='lat' dir='ltr'><strong>licenciam</strong></span> <span class='ocrx_word' id='word_1_107' title='bbox 442 2577 477 2640; x_wconf 94' lang='lat' dir='ltr'><strong>in</strong></span> <span class='ocrx_word' id='word_1_108' title='bbox 497 2577 628 2659; x_wconf 88' lang='lat' dir='ltr'><strong>eadem,</strong></span> <span class='ocrx_word' id='word_1_109' title='bbox 672 2586 798 2642; x_wconf 90' lang='lat' dir='ltr'><strong>tenetur</strong></span> <span class='ocrx_word' id='word_1_110' title='bbox 824 2576 974 2642; x_wconf 90' lang='lat' dir='ltr'><strong>adminus</strong></span> <span class='ocrx_word' id='word_1_111' title='bbox 1003 2587 1078 2663; x_wconf 89' lang='lat' dir='ltr'><strong>post</strong></span> <span class='ocrx_word' id='word_1_112' title='bbox 1107 2599 1200 2641; x_wconf 92' lang='lat' dir='ltr'><strong>suum</strong></span> <span class='ocrx_word' id='word_1_113' title='bbox 1220 2576 1506 2642; x_wconf 88' lang='lat' dir='ltr'><strong>baccalaureatum</strong></span> <span class='ocrx_word' id='word_1_114' title='bbox 1530 2578 1678 2644; x_wconf 90' lang='lat' dir='ltr'><strong>doctores</strong></span> 
     </span>
     <span class='ocr_line' id='line_1_17' title="bbox 251 2675 1678 2764; baseline 0.003 -24"><span class='ocrx_word' id='word_1_115' title='bbox 251 2675 395 2762; x_wconf 89' lang='lat' dir='ltr'><strong>legentes</strong></span> <span class='ocrx_word' id='word_1_116' title='bbox 419 2676 583 2741; x_wconf 88' lang='lat' dir='ltr'><strong>ordinarie</strong></span> <span class='ocrx_word' id='word_1_117' title='bbox 603 2698 662 2763; x_wconf 93' lang='lat' dir='ltr'><strong>per</strong></span> <span class='ocrx_word' id='word_1_118' title='bbox 682 2676 844 2762; x_wconf 90' lang='lat' dir='ltr'><strong>integrum</strong></span> <span class='ocrx_word' id='word_1_119' title='bbox 865 2675 1048 2740; x_wconf 83' lang='lat' dir='ltr'><strong>biennium⁴</strong></span> <span class='ocrx_word' id='word_1_120' title='bbox 1069 2675 1242 2762; x_wconf 85' lang='lat' dir='ltr'><strong>diligenter</strong></span> <span class='ocrx_word' id='word_1_121' title='bbox 1264 2676 1396 2742; x_wconf 88' lang='lat' dir='ltr'><strong>audisse</strong></span> <span class='ocrx_word' id='word_1_122' title='bbox 1424 2685 1552 2742; x_wconf 89' lang='lat' dir='ltr'><strong>etcum</strong></span> <span class='ocrx_word' id='word_1_123' title='bbox 1571 2679 1678 2764; x_wconf 89' lang='lat' dir='ltr'><strong>aliquo</strong></span> 
     </span>
     <span class='ocr_line' id='line_1_18' title="bbox 254 2774 1676 2863; baseline 0.001 -22"><span class='ocrx_word' id='word_1_124' title='bbox 254 2776 386 2841; x_wconf 89' lang='lat' dir='ltr'><strong>doctore</strong></span> <span class='ocrx_word' id='word_1_125' title='bbox 407 2796 466 2840; x_wconf 90' lang='lat' dir='ltr'><strong>seu</strong></span> <span class='ocrx_word' id='word_1_126' title='bbox 488 2774 675 2841; x_wconf 90' lang='lat' dir='ltr'><strong>doctoribus</strong></span> <span class='ocrx_word' id='word_1_127' title='bbox 697 2777 800 2840; x_wconf 86' lang='lat' dir='ltr'><strong>eciam</strong></span> <span class='ocrx_word' id='word_1_128' title='bbox 822 2796 881 2861; x_wconf 90' lang='lat' dir='ltr'><strong>per</strong></span> <span class='ocrx_word' id='word_1_129' title='bbox 901 2782 1024 2838; x_wconf 90' lang='lat' dir='ltr'><strong>tantum</strong></span> <span class='ocrx_word' id='word_1_130' title='bbox 1046 2776 1202 2862; x_wconf 89' lang='lat' dir='ltr'><strong>temporis</strong></span> <span class='ocrx_word' id='word_1_131' title='bbox 1231 2777 1378 2862; x_wconf 89' lang='lat' dir='ltr'><strong>spacium</strong></span> <span class='ocrx_word' id='word_1_132' title='bbox 1410 2779 1592 2863; x_wconf 89' lang='lat' dir='ltr'><strong>practicam</strong></span> <span class='ocrx_word' id='word_1_133' title='bbox 1613 2779 1676 2842; x_wconf 88' lang='lat' dir='ltr'><strong>adi-</strong></span> 
     </span>
     <span class='ocr_line' id='line_1_19' title="bbox 253 2873 1678 2962; baseline 0.001 -20"><span class='ocrx_word' id='word_1_134' title='bbox 253 2877 351 2957; x_wconf 84' lang='lat' dir='ltr'><strong>isse⁵,</strong></span> <span class='ocrx_word' id='word_1_135' title='bbox 385 2875 447 2939; x_wconf 90' lang='lat' dir='ltr'><strong>nisi</strong></span> <span class='ocrx_word' id='word_1_136' title='bbox 474 2876 564 2961; x_wconf 90' lang='lat' dir='ltr'><strong>prius</strong></span> <span class='ocrx_word' id='word_1_137' title='bbox 595 2884 670 2939; x_wconf 89' lang='lat' dir='ltr'><strong>ante</strong></span> <span class='ocrx_word' id='word_1_138' title='bbox 696 2873 952 2938; x_wconf 89' lang='lat' dir='ltr'><strong>baccalariatum</strong></span> <span class='ocrx_word' id='word_1_139' title='bbox 973 2873 1123 2960; x_wconf 87' lang='lat' dir='ltr'><strong>pluribus</strong></span> <span class='ocrx_word' id='word_1_140' title='bbox 1143 2877 1237 2939; x_wconf 89' lang='lat' dir='ltr'><strong>annis</strong></span> <span class='ocrx_word' id='word_1_141' title='bbox 1260 2898 1355 2962; x_wconf 91' lang='lat' dir='ltr'><strong>quam</strong></span> <span class='ocrx_word' id='word_1_142' title='bbox 1381 2874 1512 2941; x_wconf 89' lang='lat' dir='ltr'><strong>duobus</strong></span> <span class='ocrx_word' id='word_1_143' title='bbox 1534 2876 1678 2943; x_wconf 87' lang='lat' dir='ltr'><strong>doctores</strong></span> 
     </span>
     <span class='ocr_line' id='line_1_20' title="bbox 256 2971 1677 3060; baseline 0.001 -20"><span class='ocrx_word' id='word_1_144' title='bbox 256 2975 427 3060; x_wconf 84' lang='lat' dir='ltr'><strong>diligenter</strong></span> <span class='ocrx_word' id='word_1_145' title='bbox 449 2973 628 3039; x_wconf 87' lang='lat' dir='ltr'><strong>audivisset</strong></span> <span class='ocrx_word' id='word_1_146' title='bbox 649 2984 680 3038; x_wconf 90' lang='lat' dir='ltr'><strong>et</strong></span> <span class='ocrx_word' id='word_1_147' title='bbox 700 2974 879 3060; x_wconf 85' lang='lat' dir='ltr'><strong>practicam</strong></span> <span class='ocrx_word' id='word_1_148' title='bbox 901 2995 975 3037; x_wconf 90' lang='lat' dir='ltr'><strong>cum</strong></span> <span class='ocrx_word' id='word_1_149' title='bbox 996 2971 1103 3060; x_wconf 91' lang='lat' dir='ltr'><strong>aliquo</strong></span> <span class='ocrx_word' id='word_1_150' title='bbox 1125 2982 1182 3039; x_wconf 90' lang='lat' dir='ltr'><strong>aut</strong></span> <span class='ocrx_word' id='word_1_151' title='bbox 1202 2973 1365 3060; x_wconf 86' lang='lat' dir='ltr'><strong>aliquibus</strong></span> <span class='ocrx_word' id='word_1_152' title='bbox 1390 2974 1583 3041; x_wconf 91' lang='lat' dir='ltr'><strong>doctoribus</strong></span> <span class='ocrx_word' id='word_1_153' title='bbox 1606 2978 1677 3041; x_wconf 87' lang='lat' dir='ltr'><strong>visi·</strong></span> 
     </span>
    </p>
   </div>
   <div class='ocr_carea' id='block_1_8' title="bbox 214 3061 1678 3362">
    <p class='ocr_par' dir='ltr' id='par_1_11' title="bbox 214 3061 1678 3362">
     <span class='ocr_line' id='line_1_21' title="bbox 214 3061 1678 3162; baseline -0.001 -21"><span class='ocrx_word' id='word_1_154' title='bbox 214 3084 250 3141; x_wconf 87' lang='lat'><strong>20</strong></span> <span class='ocrx_word' id='word_1_155' title='bbox 259 3084 361 3140; x_wconf 86' lang='lat' dir='ltr'><strong>tassct</strong></span> <span class='ocrx_word' id='word_1_156' title='bbox 382 3083 414 3138; x_wconf 88' lang='lat' dir='ltr'><strong>ct</strong></span> <span class='ocrx_word' id='word_1_157' title='bbox 435 3072 475 3137; x_wconf 91' lang='lat' dir='ltr'><strong>de</strong></span> <span class='ocrx_word' id='word_1_158' title='bbox 496 3073 557 3138; x_wconf 94' lang='lat' dir='ltr'><strong>hoc</strong></span> <span class='ocrx_word' id='word_1_159' title='bbox 577 3096 636 3161; x_wconf 90' lang='lat' dir='ltr'><strong>per</strong></span> <span class='ocrx_word' id='word_1_160' title='bbox 655 3072 804 3138; x_wconf 87' lang='lat' dir='ltr'><strong>doctores</strong></span> <span class='ocrx_word' id='word_1_161' title='bbox 826 3061 999 3137; x_wconf 83' lang='lat' dir='ltr'><strong>constaret.</strong></span> <span class='ocrx_word' id='word_1_162' title='bbox 1029 3071 1122 3136; x_wconf 84' lang='lat' dir='ltr'><strong>Tunc</strong></span> <span class='ocrx_word' id='word_1_163' title='bbox 1144 3095 1218 3139; x_wconf 92' lang='lat' dir='ltr'><strong>cum</strong></span> <span class='ocrx_word' id='word_1_164' title='bbox 1237 3072 1295 3138; x_wconf 84' lang='lat' dir='ltr'><strong>tali</strong></span> <span class='ocrx_word' id='word_1_165' title='bbox 1309 3073 1539 3158; x_wconf 89' lang='lat' dir='ltr'><strong>baccalaureo,</strong></span> <span class='ocrx_word' id='word_1_166' title='bbox 1561 3078 1678 3162; x_wconf 83' lang='lat' dir='ltr'><strong>petenti</strong></span> 
     </span>
     <span class='ocr_line' id='line_1_22' title="bbox 257 3170 1677 3261; baseline 0 -22"><span class='ocrx_word' id='word_1_167' title='bbox 257 3176 402 3239; x_wconf 87' lang='lat' dir='ltr'><strong>favorem</strong></span> <span class='ocrx_word' id='word_1_168' title='bbox 424 3173 616 3239; x_wconf 87' lang='lat' dir='ltr'><strong>admittendi</strong></span> <span class='ocrx_word' id='word_1_169' title='bbox 637 3171 679 3236; x_wconf 91' lang='lat' dir='ltr'><strong>ad</strong></span> <span class='ocrx_word' id='word_1_170' title='bbox 700 3171 882 3254; x_wconf 83' lang='lat' dir='ltr'><strong>licenciam,</strong></span> <span class='ocrx_word' id='word_1_171' title='bbox 910 3170 1047 3237; x_wconf 87' lang='lat' dir='ltr'><strong>facultas</strong></span> <span class='ocrx_word' id='word_1_172' title='bbox 1076 3174 1197 3259; x_wconf 88' lang='lat' dir='ltr'><strong>poterit</strong></span> <span class='ocrx_word' id='word_1_173' title='bbox 1221 3175 1370 3259; x_wconf 81' lang='lat' dir='ltr'><strong>graciose</strong></span> <span class='ocrx_word' id='word_1_174' title='bbox 1392 3172 1606 3261; x_wconf 86' lang='lat' dir='ltr'><strong>dispensare,</strong></span> <span class='ocrx_word' id='word_1_175' title='bbox 1635 3176 1677 3239; x_wconf 88' lang='lat' dir='ltr'><strong>in-</strong></span> 
     </span>
     <span class='ocr_line' id='line_1_23' title="bbox 257 3271 833 3362; baseline -0.009 -22"><span class='ocrx_word' id='word_1_176' title='bbox 257 3282 371 3362; x_wconf 86' lang='lat' dir='ltr'><strong>specta</strong></span> <span class='ocrx_word' id='word_1_177' title='bbox 391 3273 495 3358; x_wconf 88' lang='lat' dir='ltr'><strong>priori</strong></span> <span class='ocrx_word' id='word_1_178' title='bbox 516 3272 628 3338; x_wconf 89' lang='lat' dir='ltr'><strong>habita</strong></span> <span class='ocrx_word' id='word_1_179' title='bbox 650 3271 833 3356; x_wconf 85' lang='lat' dir='ltr'><strong>diligencia.</strong></span> 
     </span>
    </p>
   </div>
   <div class='ocr_carea' id='block_1_9' title="bbox 256 3512 1676 3684">
    <p class='ocr_par' dir='ltr' id='par_1_12' title="bbox 256 3512 1676 3684">
     <span class='ocr_line' id='line_1_24' title="bbox 256 3512 1676 3586; baseline -0.004 -9"><span class='ocrx_word' id='word_1_180' title='bbox 256 3516 304 3577; x_wconf 82' lang='lat'><strong>23.</strong></span> <span class='ocrx_word' id='word_1_181' title='bbox 332 3525 585 3576; x_wconf 78' lang='lat' dir='ltr'><strong>mcsucssunus</strong></span> <span class='ocrx_word' id='word_1_182' title='bbox 616 3512 892 3572; x_wconf 61' lang='lat' dir='ltr'><strong>renuntiatura</strong></span> <span class='ocrx_word' id='word_1_183' title='bbox 914 3523 1150 3572; x_wconf 80' lang='lat' dir='ltr'><strong>snusssmusu</strong></span> <span class='ocrx_word' id='word_1_184' title='bbox 1181 3525 1227 3572; x_wconf 76' lang='lat' dir='ltr'><strong>ln</strong></span> <span class='ocrx_word' id='word_1_185' title='bbox 1251 3523 1443 3572; x_wconf 72' lang='lat' dir='ltr'><strong>arcanorum</strong></span> <span class='ocrx_word' id='word_1_186' title='bbox 1465 3526 1531 3573; x_wconf 83' lang='lat' dir='ltr'><strong>sus</strong></span> <span class='ocrx_word' id='word_1_187' title='bbox 1553 3524 1676 3586; x_wconf 73' lang='lat' dir='ltr'><strong>unroco</strong></span> 
     </span>
     <span class='ocr_line' id='line_1_25' title="bbox 401 3608 1538 3684; baseline -0.003 -10"><span class='ocrx_word' id='word_1_188' title='bbox 401 3625 566 3674; x_wconf 79' lang='lat' dir='ltr'><strong>nocroaa</strong></span> <span class='ocrx_word' id='word_1_189' title='bbox 589 3608 702 3672; x_wconf 63' lang='grc' dir='ltr'>υΝΑΜθ</span> <span class='ocrx_word' id='word_1_190' title='bbox 725 3624 972 3684; x_wconf 76' lang='lat' dir='ltr'><strong>Quassmousu</strong></span> <span class='ocrx_word' id='word_1_191' title='bbox 994 3622 1236 3671; x_wconf 67' lang='lat' dir='ltr'><strong>sauromatum</strong></span> <span class='ocrx_word' id='word_1_192' title='bbox 1258 3625 1538 3674; x_wconf 75' lang='lat' dir='ltr'><strong>narramusssa.</strong></span> 
     </span>
    </p>
   </div>
   <div class='ocr_carea' id='block_1_10' title="bbox 216 3787 1680 4274">
    <p class='ocr_par' dir='ltr' id='par_1_13' title="bbox 216 3787 1680 4274">
     <span class='ocr_line' id='line_1_26' title="bbox 216 3787 1680 3858; baseline -0.001 -1"><span class='ocrx_word' id='word_1_193' title='bbox 216 3802 248 3858; x_wconf 80' lang='lat'><strong>25</strong></span> <span class='ocrx_word' id='word_1_194' title='bbox 344 3791 582 3856; x_wconf 88' lang='lat' dir='ltr'><strong>Baccalaureus</strong></span> <span class='ocrx_word' id='word_1_195' title='bbox 603 3793 637 3855; x_wconf 92' lang='lat' dir='ltr'><strong>in</strong></span> <span class='ocrx_word' id='word_1_196' title='bbox 657 3791 825 3855; x_wconf 88' lang='lat' dir='ltr'><strong>medicinis</strong></span> <span class='ocrx_word' id='word_1_197' title='bbox 848 3799 880 3854; x_wconf 89' lang='lat' dir='ltr'><strong>et</strong></span> <span class='ocrx_word' id='word_1_198' title='bbox 900 3787 1121 3854; x_wconf 88' lang='lat' dir='ltr'><strong>licenciandus</strong></span> <span class='ocrx_word' id='word_1_199' title='bbox 1147 3798 1221 3854; x_wconf 89' lang='lat' dir='ltr'><strong>ante</strong></span> <span class='ocrx_word' id='word_1_200' title='bbox 1250 3789 1483 3855; x_wconf 87' lang='lat' dir='ltr'><strong>admissionem</strong></span> <span class='ocrx_word' id='word_1_201' title='bbox 1515 3791 1559 3856; x_wconf 92' lang='lat' dir='ltr'><strong>ad</strong></span> <span class='ocrx_word' id='word_1_202' title='bbox 1591 3792 1680 3856; x_wconf 88' lang='lat' dir='ltr'><strong>licen·</strong></span> 
     </span>
     <span class='ocr_line' id='line_1_27' title="bbox 260 3886 1680 3979; baseline -0.001 -22"><span class='ocrx_word' id='word_1_203' title='bbox 260 3894 344 3957; x_wconf 87' lang='lat' dir='ltr'><strong>ciam</strong></span> <span class='ocrx_word' id='word_1_204' title='bbox 366 3902 491 3957; x_wconf 87' lang='lat' dir='ltr'><strong>tenetur</strong></span> <span class='ocrx_word' id='word_1_205' title='bbox 513 3902 586 3955; x_wconf 87' lang='lat' dir='ltr'><strong>ante</strong></span> <span class='ocrx_word' id='word_1_206' title='bbox 609 3913 746 3955; x_wconf 84' lang='lat' dir='ltr'><strong>examen</strong></span> <span class='ocrx_word' id='word_1_207' title='bbox 768 3891 931 3976; x_wconf 87' lang='lat' dir='ltr'><strong>privatum</strong></span> <span class='ocrx_word' id='word_1_208' title='bbox 953 3886 1016 3975; x_wconf 72' lang='lat'>[7²]</span> <span class='ocrx_word' id='word_1_209' title='bbox 1039 3911 1099 3974; x_wconf 88' lang='lat' dir='ltr'><strong>pro</strong></span> <span class='ocrx_word' id='word_1_210' title='bbox 1120 3887 1258 3953; x_wconf 89' lang='lat' dir='ltr'><strong>licencia</strong></span> <span class='ocrx_word' id='word_1_211' title='bbox 1276 3889 1492 3976; x_wconf 90' lang='lat' dir='ltr'><strong>adipiscenda</strong></span> <span class='ocrx_word' id='word_1_212' title='bbox 1505 3892 1680 3979; x_wconf 88' lang='lat' dir='ltr'><strong>publicein</strong></span> 
     </span>
     <span class='ocr_line' id='line_1_28' title="bbox 259 3987 1677 4079; baseline -0.001 -22"><span class='ocrx_word' id='word_1_213' title='bbox 259 3993 367 4079; x_wconf 88' lang='lat' dir='ltr'><strong>aliquo</strong></span> <span class='ocrx_word' id='word_1_214' title='bbox 388 3991 595 4056; x_wconf 88' lang='lat' dir='ltr'><strong>lectoriorum</strong></span> <span class='ocrx_word' id='word_1_215' title='bbox 617 3990 676 4055; x_wconf 91' lang='lat' dir='ltr'><strong>sub</strong></span> <span class='ocrx_word' id='word_1_216' title='bbox 698 3989 805 4076; x_wconf 89' lang='lat' dir='ltr'><strong>aliquo</strong></span> <span class='ocrx_word' id='word_1_217' title='bbox 829 3989 959 4054; x_wconf 89' lang='lat' dir='ltr'><strong>doctore</strong></span> <span class='ocrx_word' id='word_1_218' title='bbox 980 3987 1130 4051; x_wconf 91' lang='lat' dir='ltr'><strong>adminus</strong></span> <span class='ocrx_word' id='word_1_219' title='bbox 1161 3988 1275 4053; x_wconf 68' lang='lat' dir='ltr'><strong>semell</strong></span> <span class='ocrx_word' id='word_1_220' title='bbox 1304 3992 1527 4075; x_wconf 87' lang='lat' dir='ltr'><strong>quaestionem</strong></span> <span class='ocrx_word' id='word_1_221' title='bbox 1550 3992 1677 4056; x_wconf 89' lang='lat' dir='ltr'><strong>medici·</strong></span> 
     </span>
     <span class='ocr_line' id='line_1_29' title="bbox 258 4086 1679 4178; baseline -0.003 -20"><span class='ocrx_word' id='word_1_222' title='bbox 258 4092 364 4158; x_wconf 89' lang='lat' dir='ltr'><strong>nalem</strong></span> <span class='ocrx_word' id='word_1_223' title='bbox 385 4090 618 4155; x_wconf 89' lang='lat' dir='ltr'><strong>determinasse</strong></span> <span class='ocrx_word' id='word_1_224' title='bbox 640 4099 672 4153; x_wconf 89' lang='lat' dir='ltr'><strong>et</strong></span> <span class='ocrx_word' id='word_1_225' title='bbox 694 4113 750 4154; x_wconf 93' lang='lat' dir='ltr'><strong>suo</strong></span> <span class='ocrx_word' id='word_1_226' title='bbox 774 4089 899 4154; x_wconf 90' lang='lat' dir='ltr'><strong>doctori</strong></span> <span class='ocrx_word' id='word_1_227' title='bbox 919 4110 958 4152; x_wconf 87' lang='lat' dir='ltr'><strong>ac</strong></span> <span class='ocrx_word' id='word_1_228' title='bbox 979 4087 1052 4151; x_wconf 88' lang='lat' dir='ltr'><strong>aliis</strong></span> <span class='ocrx_word' id='word_1_229' title='bbox 1073 4086 1252 4153; x_wconf 89' lang='lat' dir='ltr'><strong>scolaribus</strong></span> <span class='ocrx_word' id='word_1_230' title='bbox 1279 4090 1314 4154; x_wconf 95' lang='lat' dir='ltr'><strong>in</strong></span> <span class='ocrx_word' id='word_1_231' title='bbox 1334 4090 1517 4174; x_wconf 89' lang='lat' dir='ltr'><strong>medicinis,</strong></span> <span class='ocrx_word' id='word_1_232' title='bbox 1548 4114 1679 4178; x_wconf 90' lang='lat' dir='ltr'><strong>arguere</strong></span> 
     </span>
     <span class='ocr_line' id='line_1_30' title="bbox 259 4185 1154 4274; baseline -0.008 -17"><span class='ocrx_word' id='word_1_233' title='bbox 259 4191 442 4258; x_wconf 88' lang='lat' dir='ltr'><strong>volentibus</strong></span> <span class='ocrx_word' id='word_1_234' title='bbox 464 4199 577 4254; x_wconf 88' lang='lat' dir='ltr'><strong>contra</strong></span> <span class='ocrx_word' id='word_1_235' title='bbox 596 4211 687 4253; x_wconf 89' lang='lat' dir='ltr'><strong>suam</strong></span> <span class='ocrx_word' id='word_1_236' title='bbox 706 4189 914 4274; x_wconf 86' lang='lat' dir='ltr'><strong>posicionem,</strong></span> <span class='ocrx_word' id='word_1_237' title='bbox 936 4185 1154 4273; x_wconf 86' lang='lat' dir='ltr'><strong>respondisse.</strong></span> 
     </span>
    </p>
   </div>
   <div class='ocr_carea' id='block_1_11' title="bbox 259 4468 1681 5129">
    <p class='ocr_par' dir='ltr' id='par_1_14' title="bbox 259 4468 1681 4615">
     <span class='ocr_line' id='line_1_31' title="bbox 348 4468 1681 4540; baseline -0.005 -11"><span class='ocrx_word' id='word_1_238' title='bbox 348 4480 358 4529; x_wconf 94' lang='lat' dir='ltr'><strong>l</strong></span> <span class='ocrx_word' id='word_1_239' title='bbox 379 4474 484 4529; x_wconf 82' lang='lat' dir='ltr'><strong>Hierzu</strong></span> <span class='ocrx_word' id='word_1_240' title='bbox 500 4470 574 4526; x_wconf 92' lang='lat' dir='ltr'><strong>steht</strong></span> <span class='ocrx_word' id='word_1_241' title='bbox 591 4487 636 4524; x_wconf 91' lang='lat' dir='ltr'><strong>am</strong></span> <span class='ocrx_word' id='word_1_242' title='bbox 653 4469 764 4523; x_wconf 86' lang='lat' dir='ltr'><strong>Rande:</strong></span> <span class='ocrx_word' id='word_1_243' title='bbox 783 4468 847 4522; x_wconf 85' lang='lat' dir='ltr'><strong>Hoc</strong></span> <span class='ocrx_word' id='word_1_244' title='bbox 866 4472 1030 4524; x_wconf 79' lang='lat' dir='ltr'><strong>immutatam</strong></span> <span class='ocrx_word' id='word_1_245' title='bbox 1046 4477 1086 4525; x_wconf 85' lang='lat' dir='ltr'><strong>aet</strong></span> <span class='ocrx_word' id='word_1_246' title='bbox 1107 4477 1225 4540; x_wconf 78' lang='lat' dir='ltr'><strong>tempere</strong></span> <span class='ocrx_word' id='word_1_247' title='bbox 1241 4471 1268 4525; x_wconf 84' lang='lat' dir='ltr'><strong>d.</strong></span> <span class='ocrx_word' id='word_1_248' title='bbox 1286 4470 1380 4537; x_wconf 75' lang='lat' dir='ltr'><strong>Rota,</strong></span> <span class='ocrx_word' id='word_1_249' title='bbox 1396 4478 1428 4523; x_wconf 82' lang='lat' dir='ltr'><strong>at</strong></span> <span class='ocrx_word' id='word_1_250' title='bbox 1444 4470 1534 4540; x_wconf 71' lang='lat' dir='ltr'><strong>alibi,-</strong></span> <span class='ocrx_word' id='word_1_251' title='bbox 1562 4471 1681 4527; x_wconf 79' lang='lat' dir='ltr'><strong>danebm</strong></span> 
     </span>
     <span class='ocr_line' id='line_1_32' title="bbox 259 4554 977 4615; baseline -0.008 -3"><span class='ocrx_word' id='word_1_252' title='bbox 259 4579 313 4615; x_wconf 86' lang='lat' dir='ltr'><strong>von</strong></span> <span class='ocrx_word' id='word_1_253' title='bbox 330 4559 445 4613; x_wconf 80' lang='lat' dir='ltr'><strong>anderer</strong></span> <span class='ocrx_word' id='word_1_254' title='bbox 462 4557 561 4610; x_wconf 91' lang='lat' dir='ltr'><strong>Hand:</strong></span> <span class='ocrx_word' id='word_1_255' title='bbox 579 4557 609 4608; x_wconf 80' lang='lat' dir='ltr'><strong>in</strong></span> <span class='ocrx_word' id='word_1_256' title='bbox 625 4573 697 4608; x_wconf 77' lang='lat' dir='ltr'><strong>novo</strong></span> <span class='ocrx_word' id='word_1_257' title='bbox 715 4554 787 4607; x_wconf 79' lang='lat' dir='ltr'><strong>libro</strong></span> <span class='ocrx_word' id='word_1_258' title='bbox 806 4560 977 4607; x_wconf 80' lang='lat' dir='ltr'><strong>statutorum.</strong></span> 
     </span>
    </p>

    <p class='ocr_par' dir='ltr' id='par_1_15' title="bbox 342 4637 1119 4709">
     <span class='ocr_line' id='line_1_33' title="bbox 342 4637 1119 4709; baseline -0.005 -11"><span class='ocrx_word' id='word_1_259' title='bbox 342 4649 357 4698; x_wconf 80' lang='lat'><strong>2</strong></span> <span class='ocrx_word' id='word_1_260' title='bbox 375 4644 433 4696; x_wconf 84' lang='lat' dir='ltr'><strong>Fiir</strong></span> <span class='ocrx_word' id='word_1_261' title='bbox 451 4642 586 4696; x_wconf 80' lang='lat' dir='ltr'><strong>biennium</strong></span> <span class='ocrx_word' id='word_1_262' title='bbox 603 4640 640 4693; x_wconf 90' lang='lat' dir='ltr'><strong>ist</strong></span> <span class='ocrx_word' id='word_1_263' title='bbox 658 4642 750 4709; x_wconf 70' lang='lat' dir='ltr'><strong>spiter</strong></span> <span class='ocrx_word' id='word_1_264' title='bbox 766 4637 946 4709; x_wconf 87' lang='lat' dir='ltr'><strong>geschrieben</strong></span> <span class='ocrx_word' id='word_1_265' title='bbox 966 4639 1119 4694; x_wconf 63' lang='lat' dir='ltr'><strong>manniam.</strong></span> 
     </span>
    </p>

    <p class='ocr_par' dir='ltr' id='par_1_16' title="bbox 343 4721 1229 4794">
     <span class='ocr_line' id='line_1_34' title="bbox 343 4721 1229 4794; baseline -0.008 -13"><span class='ocrx_word' id='word_1_266' title='bbox 343 4732 358 4782; x_wconf 89' lang='grc'><strong>3</strong></span> <span class='ocrx_word' id='word_1_267' title='bbox 375 4725 516 4780; x_wconf 89' lang='lat' dir='ltr'><strong>Hiernach</strong></span> <span class='ocrx_word' id='word_1_268' title='bbox 533 4726 569 4778; x_wconf 88' lang='lat' dir='ltr'><strong>ist</strong></span> <span class='ocrx_word' id='word_1_269' title='bbox 587 4728 680 4794; x_wconf 77' lang='lat' dir='ltr'><strong>spitter</strong></span> <span class='ocrx_word' id='word_1_270' title='bbox 697 4721 879 4793; x_wconf 87' lang='lat' dir='ltr'><strong>hinzugefiigt</strong></span> <span class='ocrx_word' id='word_1_271' title='bbox 897 4741 957 4777; x_wconf 76' lang='lat' dir='ltr'><strong>mam</strong></span> <span class='ocrx_word' id='word_1_272' title='bbox 972 4725 1091 4792; x_wconf 64' lang='lat' dir='ltr'><strong>maedam</strong></span> <span class='ocrx_word' id='word_1_273' title='bbox 1108 4725 1229 4777; x_wconf 78' lang='lat' dir='ltr'><strong>doctore.</strong></span> 
     </span>
    </p>

    <p class='ocr_par' dir='ltr' id='par_1_17' title="bbox 344 4808 747 4880">
     <span class='ocr_line' id='line_1_35' title="bbox 344 4808 747 4880; baseline -0.01 -15"><span class='ocrx_word' id='word_1_274' title='bbox 344 4817 360 4864; x_wconf 88' lang='grc'><strong>4</strong></span> <span class='ocrx_word' id='word_1_275' title='bbox 378 4810 477 4880; x_wconf 71' lang='lat' dir='ltr'><strong>Spiter</strong></span> <span class='ocrx_word' id='word_1_276' title='bbox 494 4808 576 4863; x_wconf 74' lang='lat' dir='ltr'><strong>datur</strong></span> <span class='ocrx_word' id='word_1_277' title='bbox 595 4810 747 4862; x_wconf 76' lang='lat' dir='ltr'><strong>triennium.</strong></span> 
     </span>
    </p>

    <p class='ocr_par' dir='ltr' id='par_1_18' title="bbox 347 4892 940 4964">
     <span class='ocr_line' id='line_1_36' title="bbox 347 4892 940 4964; baseline -0.008 -15"><span class='ocrx_word' id='word_1_278' title='bbox 347 4901 362 4949; x_wconf 78' lang='lat'>5</span> <span class='ocrx_word' id='word_1_279' title='bbox 380 4894 508 4964; x_wconf 83' lang='lat' dir='ltr'><strong>Aufengs</strong></span> <span class='ocrx_word' id='word_1_280' title='bbox 525 4911 582 4947; x_wconf 83' lang='lat' dir='ltr'><strong>war</strong></span> <span class='ocrx_word' id='word_1_281' title='bbox 598 4892 777 4964; x_wconf 87' lang='lat' dir='ltr'><strong>geschrieben</strong></span> <span class='ocrx_word' id='word_1_282' title='bbox 794 4892 940 4945; x_wconf 78' lang='lat' dir='ltr'><strong>audivisse.</strong></span> 
     </span>
    </p>

    <p class='ocr_par' dir='ltr' id='par_1_19' title="bbox 344 4975 1142 5047">
     <span class='ocr_line' id='line_1_37' title="bbox 344 4975 1142 5047; baseline -0.006 -14"><span class='ocrx_word' id='word_1_283' title='bbox 344 4984 360 5033; x_wconf 85' lang='grc'><strong>6</strong></span> <span class='ocrx_word' id='word_1_284' title='bbox 375 4979 433 5033; x_wconf 91' lang='lat' dir='ltr'><strong>Vor</strong></span> <span class='ocrx_word' id='word_1_285' title='bbox 450 4997 532 5032; x_wconf 77' lang='lat' dir='ltr'><strong>unam</strong></span> <span class='ocrx_word' id='word_1_286' title='bbox 549 4980 585 5032; x_wconf 91' lang='lat' dir='ltr'><strong>ist</strong></span> <span class='ocrx_word' id='word_1_287' title='bbox 601 4981 694 5047; x_wconf 78' lang='lat' dir='ltr'><strong>spiiter</strong></span> <span class='ocrx_word' id='word_1_288' title='bbox 711 4976 912 5046; x_wconf 87' lang='lat' dir='ltr'><strong>eingeschoben</strong></span> <span class='ocrx_word' id='word_1_289' title='bbox 931 4977 971 5029; x_wconf 85' lang='lat' dir='ltr'><strong>ad</strong></span> <span class='ocrx_word' id='word_1_290' title='bbox 986 4975 1076 5028; x_wconf 81' lang='lat' dir='ltr'><strong>minue</strong></span> <span class='ocrx_word' id='word_1_291' title='bbox 1093 4975 1142 5028; x_wconf 73' lang='lat' dir='ltr'><strong>bis.</strong></span> 
     </span>
    </p>

    <p class='ocr_par' dir='ltr' id='par_1_20' title="bbox 343 5059 1384 5129">
     <span class='ocr_line' id='line_1_38' title="bbox 343 5059 1384 5129; baseline -0.005 -12"><span class='ocrx_word' id='word_1_292' title='bbox 343 5068 357 5117; x_wconf 76' lang='lat'><strong>7</strong></span> <span class='ocrx_word' id='word_1_293' title='bbox 376 5063 430 5116; x_wconf 80' lang='lat' dir='ltr'><strong>Am</strong></span> <span class='ocrx_word' id='word_1_294' title='bbox 449 5062 558 5118; x_wconf 87' lang='lat' dir='ltr'><strong>Raude:</strong></span> <span class='ocrx_word' id='word_1_295' title='bbox 576 5063 657 5116; x_wconf 87' lang='lat' dir='ltr'><strong>Novo</strong></span> <span class='ocrx_word' id='word_1_296' title='bbox 674 5068 774 5116; x_wconf 75' lang='lat' dir='ltr'><strong>staats</strong></span> <span class='ocrx_word' id='word_1_297' title='bbox 793 5067 900 5114; x_wconf 80' lang='lat' dir='ltr'><strong>cautum</strong></span> <span class='ocrx_word' id='word_1_298' title='bbox 917 5067 956 5115; x_wconf 86' lang='lat' dir='ltr'><strong>cst</strong></span> <span class='ocrx_word' id='word_1_299' title='bbox 974 5060 1016 5113; x_wconf 72' lang='lat' dir='ltr'><strong>bis</strong></span> <span class='ocrx_word' id='word_1_300' title='bbox 1033 5067 1080 5113; x_wconf 82' lang='lat' dir='ltr'><strong>etc.</strong></span> <span class='ocrx_word' id='word_1_301' title='bbox 1098 5059 1179 5113; x_wconf 82' lang='lat' dir='ltr'><strong>modo</strong></span> <span class='ocrx_word' id='word_1_302' title='bbox 1195 5059 1384 5129; x_wconf 67' lang='lat' dir='ltr'><strong>praeempto.</strong></span> 
     </span>
    </p>
   </div>
   <div class='ocr_carea' id='block_1_12' title="bbox 0 0 1895 6148">
    <p class='ocr_par' dir='ltr' id='par_1_21' title="bbox 0 0 1895 6148">
     <span class='ocr_line' id='line_1_39' title="bbox 0 0 1895 6148; baseline 0 0"><span class='ocrx_word' id='word_1_303' title='bbox 0 0 1895 6148; x_wconf 95' lang='lat' dir='ltr'><strong> </strong></span> 
     </span>
    </p>
   </div>
  </div>
 </body>
</html>
