3756 6158
247 468 308 534 234
436 508 446 519 .
824 471 878 518 Das
896 470 983 519 kleine
1002 471 1104 534 Colleg.

246 646 492 734 unumquodque
516 651 756 736 suppositorum
778 651 952 738 diligenter
971 651 1155 733 admonere,
1176 661 1211 714 ut
1234 672 1304 714 sese
1327 652 1419 715 iuxta
1441 651 1670 717 continentiam

246 747 429 812 huiusmodi
451 758 644 813 statutorum
663 750 796 816 honeste
817 762 920 836 regat,
943 774 1016 815 cum
1037 750 1205 836 diligentia
1227 749 1355 814 studeat
1376 759 1410 813 et
1428 760 1543 814 contra
1564 748 1669 813 huius·

247 847 334 913 modi
367 857 487 912 statuta
515 848 622 913 facere
649 873 714 914 non
743 861 944 938 praesumat,
977 862 1012 914 ut
1045 852 1091 915 sic
1123 872 1244 936 poenas
1277 849 1309 912 in
1340 848 1461 912 eisdem
1495 871 1670 935 expressas

247 945 385 1011 evadere
407 955 512 1030 queat.

204 1107 220 1161 5
653 1103 703 1165 22.
725 1117 772 1163 nn
793 1115 1013 1164 vrsrrsrrosm
1036 1115 1250 1164 rasarosmr.

327 1247 408 1311 Item
435 1249 641 1335 praepositus
663 1259 808 1337 tempore
831 1252 1079 1336 praepositurae
1107 1271 1185 1314 suae
1212 1248 1309 1314 debet
1335 1270 1408 1313 cum
1437 1251 1504 1313 suis
1533 1248 1671 1313 aedituis

246 1345 395 1410 adminus
417 1347 514 1411 semel
535 1349 669 1414 visitare
690 1348 906 1414 habitationes
929 1350 1172 1435 suppositorum
1191 1371 1347 1434 praesens
1368 1347 1540 1433 collegium
1560 1349 1670 1412 immo·

246 1447 388 1510 rentium
410 1458 442 1510 et
459 1443 521 1532 [7²]
542 1447 663 1513 ibidem
684 1450 857 1535 respicere,
879 1472 920 1512 ne
942 1448 1084 1535 parietes
1106 1449 1271 1535 perforent
1291 1449 1344 1513 vel
1365 1447 1545 1536 parietibus
1571 1446 1672 1512 affixa

246 1547 408 1631 frangant,
431 1554 489 1610 aut
509 1548 598 1612 focos
622 1545 691 1611 sive
710 1549 860 1612 fornaces
881 1547 1004 1612 ibidem
1027 1555 1216 1612 construant
1236 1547 1288 1612 vel
1311 1547 1461 1630 habeant,
1489 1551 1525 1611 in
1553 1545 1671 1634 quibus

207 1647 366 1730 loignem
380 1644 515 1727 faciant,
544 1654 600 1710 aut
621 1648 737 1735 quovis
759 1646 823 1711 alio
844 1645 940 1712 modo
963 1645 1115 1711 damnum
1138 1645 1275 1731 collegio
1299 1648 1454 1728 inferant,
1480 1668 1523 1711 ne
1544 1667 1672 1732 quoque

244 1744 411 1809 mulierem
433 1743 485 1807 vel
513 1744 663 1810 mulieres
686 1754 869 1832 suspectam
893 1745 945 1810 vel
973 1755 1140 1833 suspectas
1162 1745 1382 1834 introducant,
1404 1745 1457 1810 vel
1485 1746 1520 1810 in
1545 1743 1671 1809 habita-

245 1843 385 1908 tionibus
407 1845 473 1908 suis
497 1865 604 1909 secum
633 1854 772 1912 teneant.
816 1844 860 1909 Et
885 1847 1031 1933 siquem
1062 1844 1256 1910 scholarium
1278 1844 1409 1930 aliquod
1428 1842 1671 1932 praedictorum

244 1943 360 2007 fecisse
380 1945 554 2028 repererit,
576 1946 691 2031 ‘ipsum
716 1945 810 2009 iuxta
838 1952 959 2008 statuta
979 1943 1031 2007 vel
1059 1943 1256 2028 condignum
1285 1946 1400 2032 puniat
1423 1946 1581 2031 iocosque
1612 1941 1671 2007 ibi·

244 2040 317 2105 dem
346 2051 492 2129 repertos
517 2042 636 2131 deponi
657 2043 709 2108 vel
738 2044 899 2130 confringi
920 2042 1108 2124 demandet,
1137 2052 1193 2107 aut
1219 2065 1279 2130 per
1299 2066 1335 2109 se
1357 2045 1464 2130 ipsum
1486 2042 1674 2128 confringat

204 2149 234 2204 15
245 2149 277 2206 et
297 2140 445 2227 deponat

724 2297 772 2360 23.
794 2310 841 2358 nn
864 2309 1033 2382 sessurus
1053 2310 1181 2358 nanus.

329 2440 410 2505 Item
433 2441 568 2528 quilibet
588 2438 834 2527 collegiatarum
854 2464 1043 2530 quoeunque
1064 2451 1211 2528 tempore
1232 2443 1308 2506 anni
1328 2465 1388 2529 per
1408 2463 1505 2505 unum
1525 2463 1670 2506 mensem

247 2538 364 2604 absens
386 2563 457 2605 esse
478 2541 606 2627 poterit,
628 2541 725 2606 etiam
743 2541 834 2607 nullo
856 2541 900 2606 ad
920 2541 981 2606 hoc
1000 2542 1166 2628 requisit0,
1198 2540 1256 2606 sed
1277 2552 1415 2629 protunc
1435 2561 1496 2605 sua
1516 2541 1669 2627 porcione

246 2638 382 2722 sellarii,
411 2642 438 2705 si
460 2639 643 2706 sallariatus
673 2641 785 2723 fuerit,
816 2640 951 2706 carebit.
991 2640 1026 2705 Si
1047 2662 1126 2705 vero
1147 2639 1263 2725 aliquis
1283 2641 1445 2706 iuniorum
1464 2662 1525 2727 per
1545 2648 1670 2705 tantmn

202 2745 372 2826 20tempus
401 2739 519 2804 absens
547 2740 653 2823 fiterit,
683 2739 752 2806 sola
783 2743 930 2827 portione
959 2739 1119 2825 collegiali
1147 2762 1259 2805 carere
1280 2748 1422 2825 cogetur,
1449 2746 1483 2803 et
1511 2741 1668 2824 magistro

245 2836 408 2903 licentiam
431 2839 597 2923 absentiae
618 2842 740 2926 petenti
762 2842 901 2927 spatium
920 2841 1015 2904 unius
1042 2841 1119 2904 anni
1145 2850 1177 2904 et
1197 2841 1316 2905 mensis
1343 2861 1408 2904 non
1435 2847 1485 2904 est
1507 2839 1667 2925 denegan-

246 2938 331 3021 dum,
362 2939 447 3004 datis
476 2948 585 3004 tamen
613 2949 752 3024 quatuor
780 2941 903 3026 grossis
930 2952 1076 3026 tempore
1108 2940 1273 3026 petitionis
1306 2936 1489 3004 huiusmodi
1517 2935 1584 3025 [7³]
1614 2936 1668 3003 ab·

246 3040 376 3103 sentiae.
418 3038 454 3104 Si
475 3053 594 3123 tamen,
617 3041 723 3125 spatio
746 3038 928 3104 huiusmodi
950 3038 1071 3126 elapso,
1099 3041 1254 3125 magister
1277 3037 1395 3104 absens
1417 3059 1459 3100 ex
1480 3036 1667 3103 rationabili

245 3161 344 3202 causa
365 3138 472 3204 redire
490 3162 556 3204 non
576 3140 718 3226 potuerit
737 3147 769 3202 et
790 3161 849 3224 pro
872 3137 1018 3203 ulteriori
1040 3138 1189 3203 absentia
1211 3139 1355 3225 petierit,
1382 3135 1483 3201 stabit
1504 3135 1667 3203 ulterioris

202 3237 412 3304 25absentiac
434 3241 600 3304 concessio
621 3241 655 3303 in
676 3237 852 3302 dictamine
880 3240 1014 3302 maioris
1037 3240 1142 3325 partis
1163 3236 1300 3324 collegii,
1330 3234 1606 3325 quemadmodum
1626 3232 1665 3301 ab

245 3340 376 3425 antiquo
399 3338 605 3405 observatum
626 3347 682 3402 est

493 3510 541 3570 24.
562 3523 608 3568 nn
631 3520 731 3568 nono
752 3519 917 3568 rarvsnnr
939 3520 1035 3580 quau
1057 3519 1323 3568 consacraneus
1345 3519 1415 3568 sus.

327 3637 409 3701 ltem
435 3635 542 3701 nullus
570 3637 799 3721 magistrorum
831 3633 949 3699 absens
978 3635 1189 3721 collegiatura
1220 3658 1280 3699 sua
1309 3636 1434 3720 privari
1464 3633 1577 3717 debet,
1606 3634 1667 3698 nisi

245 3738 335 3822 prius
364 3737 395 3801 ei
419 3733 579 3799 scribatur
608 3746 640 3798 et
668 3735 797 3801 nuntius
830 3733 889 3798 sub
920 3736 1072 3820 expensis
1102 3736 1167 3799 suis
1201 3734 1243 3799 ad
1277 3756 1351 3818 eum
1378 3735 1526 3798 mittatur
1558 3756 1599 3798 ac
1627 3732 1667 3797 ab

204 3846 237 3900 30
248 3835 359 3901 eodem
379 3836 492 3899 nuntio
514 3856 603 3899 mens
625 3835 693 3898 eius
715 3833 922 3917 intelligatur.
957 3832 1021 3912 Qui
1045 3835 1199 3919 magister
1221 3832 1338 3897 absens
1358 3832 1456 3897 finale
1477 3854 1668 3920 responsum

246 3957 323 3999 suae
343 3934 518 3998 voluntatis
547 3934 581 3999 in
611 3934 740 4019 scriptis
768 3933 848 3997 dare
872 3931 1043 4014 tenebitur,
1072 3933 1132 3996 sub
1162 3952 1266 4018 poena
1295 3934 1488 4019 privationis
1518 3931 1667 4017 collegia-

244 4046 336 4099 turae
359 4055 436 4098 suae
459 4035 531 4118 ipso
552 4033 647 4097 facto.

600 4204 650 4264 25.
674 4215 816 4276 suanno
839 4213 917 4273 oms
938 4214 1147 4262 aarurnrun
1168 4212 1304 4261 nessus.

326 4332 408 4396 item
431 4332 459 4395 si
480 4330 597 4418 aliquis
617 4333 849 4417 magistrorum
877 4353 935 4416 per
962 4340 1028 4394 tres
1056 4329 1126 4393 dies
1152 4327 1204 4393 vel
1231 4327 1340 4415 plures
1368 4329 1402 4392 in
1429 4328 1547 4394 eadem
1573 4329 1683 4416 septi-

204 4443 344 4498 ttmana
364 4431 531 4495 continuos
554 4430 672 4495 absens
692 4430 798 4511 fuerit,
825 4428 900 4493 talis
923 4453 983 4515 pro
1005 4428 1061 4493 illa
1083 4430 1211 4512 integra
1233 4429 1414 4513 septimana
1435 4427 1556 4494 absens
1575 4451 1684 4515 repu-

247 4533 377 4612 tabitur,
406 4532 453 4594 sie
475 4529 561 4616 quod
589 4529 630 4594 de
655 4529 814 4617 fructibus
841 4540 873 4593 et
897 4527 1119 4593 emolumentis
1145 4525 1272 4613 collegii
1298 4537 1423 4614 partem
1445 4541 1588 4614 protunc
1608 4551 1689 4593 non

246 4631 394 4712 habebit,
427 4641 458 4694 et
480 4640 515 4693 ut
544 4630 733 4717 praeposito
757 4628 797 4693 de
825 4651 956 4692 recessu
981 4629 1130 4714 magistri
1153 4623 1216 4711 [8⁸]
1240 4648 1274 4690 se
1296 4625 1499 4692 absentantis
1523 4638 1685 4694 constare

246 4731 359 4817 possit,
384 4729 480 4794 debet
500 4729 635 4815 quilibet
654 4729 884 4814 magistrorum
913 4726 1065 4793 recedere
1089 4726 1201 4799 volens
1224 4725 1309 4790 diem
1331 4727 1380 4790 sui
1401 4729 1511 4793 exitus
1533 4739 1566 4794 et
1585 4726 1676 4792 redi-

247 4839 297 4893 tus
317 4829 468 4894 intimare
497 4830 682 4915 praeposito
705 4826 758 4891 vel
783 4850 842 4913 per
869 4850 962 4892 suum
991 4837 1245 4914 procuratorem,
1277 4827 1304 4890 si
1336 4847 1432 4910 quem
1459 4826 1673 4905 constituerit,

206 4929 355 4994 tofacere
374 4928 526 4992 intimari.
570 4925 571 4928 '

328 5027 409 5091 Item
431 5027 567 5114 quilibet
587 5027 817 5112 magistrorum
835 5026 953 5091 absens
975 5048 1048 5091 cum
1069 5047 1219 5091 reversus
1239 5026 1345 5108 fuerit,
1366 5022 1465 5090 debet
1484 5048 1558 5092 esse
1579 5024 1665 5091 astri·

249 5136 318 5191 ctus
341 5126 384 5190 ad
412 5125 587 5212 petendum
615 5149 636 5190 a
664 5124 800 5210 collegio
822 5127 997 5190 astantiam
1023 5128 1057 5191 in
1086 5127 1252 5208 cerevisia,
1281 5127 1309 5190 si
1337 5133 1475 5212 protunc
1504 5125 1660 5201 habeatur,
