3756 6158
241 477 302 537 264
618 473 673 522 Das
693 472 781 523 kleiue
798 472 902 535 Colleg.
938 473 990 522 Die
1008 471 1128 522 statutor
1147 488 1199 520 von
1221 471 1292 522 1554.

244 656 418 720 dictionem
443 664 475 720 et
498 655 700 720 honestatem
720 676 846 719 morum
869 664 1023 743 tanquam
1053 652 1193 719 familias
1216 651 1280 740 [53]
1304 654 1391 741 patri
1411 652 1664 719 conservandam
1698 724 1708 755 ⁸

244 755 286 819 ab
310 756 440 841 antiquo
462 754 592 843 reliquit
614 755 819 837 universitas,
849 756 877 818 si
905 755 997 842 prius
1025 777 1047 821 a
1073 764 1200 824 rectore
1223 763 1430 819 anteversum
1454 775 1522 819 non
1547 752 1665 821 fuisset

242 855 431 919 Pereutiens
459 855 559 940 igitur
584 853 637 918 vel
665 855 781 943 quavis
812 854 933 919 iniuria
960 853 1105 919 afficiens
1135 854 1321 940 quempiam
1346 856 1381 918 in
1407 851 1556 940 collegio,
1585 853 1665 940 parti

244 953 351 1018 laesae
373 953 554 1019 satisfaciat
580 964 612 1016 et
637 953 743 1019 solvat
768 974 904 1040 poenam
926 951 1077 1040 collegio:
1109 952 1151 1018 de
1173 954 1291 1018 iniuria
1312 951 1437 1019 verbali
1456 951 1666 1041 quadrantem

202 1053 367 1134 tfloreni,
398 1053 438 1117 ‹le
466 1053 674 1140 percussione
703 1052 773 1117 sine
795 1053 1017 1117 cruentatione
1036 1052 1241 1119 dimidiatum
1264 1054 1425 1119 florinum.
1466 1051 1505 1117 Si
1525 1061 1666 1117 cruenta·

244 1153 337 1234 verit,
360 1152 428 1216 sine
448 1152 590 1233 vulnere,
619 1175 716 1217 unum
739 1150 911 1235 florenum3
942 1154 969 1217 si
989 1151 1218 1235 vulneraverit,
1241 1152 1323 1218 duos
1344 1152 1500 1234 florenos;
1526 1152 1556 1215 si
1576 1151 1665 1215 muti-

245 1252 371 1332 laverit,
403 1261 470 1315 tres
500 1251 647 1316 florenos.
689 1251 815 1331 Quodsi
841 1251 956 1316 borum
986 1253 1159 1341 quicquam
1187 1253 1221 1317 in
1250 1250 1405 1338 collegam
1427 1250 1524 1315 huius
1545 1248 1666 1336 collegii

245 1351 450 1416 commissum
471 1351 577 1429 fucrit,
600 1373 706 1436 poena
728 1349 817 1437 dupli
839 1352 1002 1438 puniatur,
1029 1360 1062 1417 et
1081 1352 1201 1439 poterit
1222 1349 1393 1438 collegium
1415 1352 1512 1415 etiam
1532 1349 1666 1414 maiores

246 1473 367 1538 poenas
390 1449 498 1515 dicere
527 1473 585 1537 pro
608 1473 820 1539 personarum
841 1459 873 1514 et
894 1448 1005 1517 delicti
1026 1451 1189 1538 qualitate.
1229 1450 1405 1539 Rumpens,
1435 1450 1592 1534 frangens
1614 1456 1664 1511 aut

207 1549 370 1616 10violans
391 1548 523 1637 aliquid,
548 1547 612 1637 [54]
641 1572 831 1637 quocunque
859 1548 894 1613 id
920 1553 1050 1617 nomine
1077 1551 1237 1617 contineri
1262 1551 1397 1638 poterit,
1423 1547 1581 1615 damnum
1606 1546 1667 1615 luet

245 1660 277 1717 et
297 1648 451 1716 mulctam
470 1672 512 1714 ex
534 1648 663 1733 collegii
684 1649 842 1716 sententia
862 1648 991 1735 pendet.

755 1833 802 1881 na
822 1816 1162 1882 nuruuamoumua¹

721 1959 724 1963 ’
833 1951 1008 2002 statutum
1024 1952 1077 2002 IX.

331 2048 576 2136 Disputationes
597 2048 631 2113 in
652 2048 739 2114 bunc
758 2048 891 2116 modum
911 2051 1039 2116 servari
1054 2048 1181 2132 debent,
1202 2059 1239 2113 ut
1259 2046 1394 2135 singulis
1415 2045 1667 2137 bebdomadibus

209 2159 377 2214 ttourator
404 2146 447 2212 ad
478 2148 645 2214 minimum
677 2148 775 2214 semel
807 2148 862 2215 vel
892 2150 965 2237 ipse
995 2149 1120 2236 praesit
1152 2146 1349 2236 disputando
1375 2145 1429 2211 vel
1461 2145 1601 2233 aliquem
1630 2168 1667 2212 ex

248 2270 380 2314 numero
402 2246 690 2312 baccalaureorum
712 2250 900 2333 constituat,
934 2246 1114 2333 debentque
1144 2268 1184 2312 ea
1205 2247 1317 2312 vocari
1345 2247 1379 2311 in
1406 2248 1668 2329 controversiam,

248 2346 365 2433 quibus
396 2346 528 2432 ingenia
559 2346 698 2412 excitari
729 2356 761 2413 et
799 2345 922 2414 iudicia
956 2346 1141 2412 confirmari
1172 2347 1310 2433 possint
1351 2344 1567 2412 Bacealaurei
1597 2367 1668 2411 vero

250 2448 368 2512 artium
395 2443 544 2530 inquilini
572 2444 748 2510 secundum
775 2446 920 2512 ordinem
944 2443 1008 2534 [55]
1030 2445 1153 2532 gradus
1181 2447 1232 2511 sui
1259 2444 1378 2510 debent
1405 2444 1589 2532 disputare:
1619 2445 1669 2532 qui

250 2544 478 2611 detrectaverit
502 2543 626 2631 absque
652 2544 740 2609 iusta
768 2567 876 2629 causa,
904 2544 1094 2632 quadrantis
1122 2544 1236 2611 floreni
1256 2544 1576 2621 mulctamcuratori
1604 2566 1670 2632 par
1716 2570 1737 2589 ··

208 2643 365 2711 tosolvat
408 2642 527 2730 Capita
547 2666 625 2708 vero
647 2642 875 2730 disputationis
905 2646 996 2733 prius
1023 2642 1225 2709 emendanda
1254 2642 1406 2709 exhibeat
1432 2644 1587 2726 curatori,
1613 2666 1670 2732 par

250 2744 326 2825 erit,
356 2751 392 2808 ut
419 2752 453 2808 et
479 2742 615 2808 aliorum
642 2742 874 2829 inquilinorum
900 2744 984 2809 ratio
1016 2741 1184 2827 habeatur,
1214 2745 1269 2831 qui
1301 2742 1449 2809 similiter
1477 2766 1498 2807 a
1527 2752 1671 2813 curatore

130 2902 140 2913 .
251 2843 333 2909 iussi
358 2843 475 2907 seriem
497 2864 588 2907 suam
612 2842 837 2931 respondendo
858 2842 1040 2910 tuebuntur.
1084 2842 1149 2924 Qui
1170 2865 1247 2908 vero
1270 2844 1415 2930 strepitu,
1437 2843 1671 2929 pulsationibus

251 2952 284 3008 et
313 2940 507 3006 clamoribus
535 2940 698 3007 indecoris
728 2941 880 3009 molestus
909 2953 941 3007 ct
970 2942 1107 3007 iniurius
1134 2942 1232 3006 {tuerit
1259 2941 1312 3007 vel
1341 2944 1485 3008 muratori
1509 2942 1565 3009 vel
1595 2943 1672 3009 alias

252 3041 453 3131 praesidenti
474 3039 527 3104 vel
547 3040 767 3126 respondenti,
788 3042 892 3107 solvet
912 3040 1049 3127 collegio
1072 3039 1243 3107 dimidium
1266 3041 1434 3108 florenum.

210 3216 243 3273 25
742 3225 790 3272 DE
812 3224 990 3274 ascensa
1011 3222 1184 3272 cotanen.

848 3342 1020 3393 statutum
1038 3340 1072 3391 X.

335 3453 380 3546 [S.
399 3454 451 3543 56]
474 3456 567 3522 Hora
587 3480 673 3523 nona
694 3459 727 3522 in
751 3457 820 3522 dies
842 3455 1004 3521 clauditur
1026 3453 1204 3541 collegium.
1247 3455 1312 3538 Qui
1333 3456 1485 3523 exclusus
1507 3459 1606 3547 pulsu
1626 3470 1677 3525 aut

253 3553 447 3621 clamoribus
475 3557 637 3625 indecoris
665 3556 852 3643 fatigaverit
874 3578 1078 3644 quemquam,
1108 3565 1238 3643 postero
1260 3555 1313 3620 die
1334 3555 1487 3622 muletam
1507 3559 1678 3625 sustinebit

253 3655 379 3720 dimidii
407 3654 529 3739 floreni,
560 3659 687 3722 nisiex
714 3657 873 3721 sententia
896 3652 1024 3741 collegii
1051 3655 1208 3719 maiorem
1228 3657 1389 3720 meruerit.
1430 3656 1497 3738 Qui
1524 3659 1676 3725 famulum

212 3765 246 3820 30
257 3756 415 3821 curatoris
430 3755 481 3820 vel
502 3758 536 3821 vi
558 3757 699 3842 coegerit
719 3753 772 3820 vel
792 3756 930 3842 pecunia
951 3754 1133 3841 corruperit
1152 3753 1196 3818 ad
1218 3765 1347 3840 portam
1370 3778 1427 3822 suo
1449 3756 1591 3825 arbitrio
1606 3781 1677 3824 con·

254 3853 445 3920 eludendam
468 3865 523 3920 aut
544 3855 760 3943 pandendam,
782 3856 878 3943 quive
898 3854 1023 3920 clavem
1044 3864 1117 3917 astu
1138 3851 1181 3917 ad
1204 3851 1374 3938 collegium
1401 3859 1562 3943 repererit
1586 3880 1677 3946 para·

255 3955 410 4042 veritque,
431 3964 488 4019 aut
509 3956 565 4042 qui
584 3977 644 4041 per
658 3956 816 4019 fenestras
838 3952 1003 4019 aditumve
1019 3953 1197 4038 irrepserit,
1217 3953 1281 4016 nisi
1295 3975 1313 4016 e
1328 3951 1463 4039 collegio
1478 3955 1556 4042 pelli
1578 3957 1676 4040 malit,

255 4055 349 4120 unius
369 4053 482 4119 floreni
502 4053 655 4119 mulctam
677 4053 777 4119 dabit
1267 4128 1271 4135 ,

624 4187 670 4235 na
689 4185 907 4237 aaarrsanna
928 4185 1052 4234 renuis
1074 4184 1303 4249 maurentinus.
1422 4173 1425 4180 '

213 4294 245 4350 35
844 4287 1016 4338 Statutum
1035 4288 1087 4338 XI.

340 4384 422 4452 (lum
444 4407 509 4451 non
531 4389 639 4452 omnia
658 4386 785 4473 legibus
806 4384 1035 4473 comprehendi
1057 4387 1193 4473 possint,
1215 4397 1344 4472 praeter
1366 4408 1414 4470 ea,
1444 4411 1529 4476 quae
1552 4389 1605 4455 bic
1624 4411 1675 4454 ex-

256 4486 363 4572 posita
391 4493 478 4566 sunt,
503 4481 567 4573 [57]
588 4484 686 4551 babet
712 4486 881 4572 collegium
905 4484 1170 4567 iurisdictionem,
1198 4494 1234 4549 ut
1261 4485 1295 4550 in
1321 4484 1447 4573 reliqua
1474 4488 1620 4553 facinora
1646 4497 1674 4553 et

256 4582 383 4665 delicta,
413 4605 496 4671 quae
525 4582 567 4649 ab
593 4585 759 4670 inquilinis
786 4594 899 4650 contra
928 4583 1114 4649 academiae
1141 4590 1263 4649 statuta
1285 4594 1316 4648 et
1342 4584 1473 4670 publica
1495 4588 1569 4652 iura
1591 4588 1672 4668 fiant,

257 4682 516 4748 animadvertere
538 4707 597 4771 pro
619 4682 755 4750 arbitrio
774 4707 832 4750 suo
854 4682 1038 4749 muletando
1060 4693 1092 4748 et
1113 4683 1277 4770 prmiendo
1299 4686 1408 4771 possit

217 4823 250 4877 tu
340 4818 406 4876 Der
429 4819 533 4897 libr-ipe
557 4823 641 4881 Tleil
668 4824 718 4880 des
739 4821 856 4879 Baetes
884 4823 957 4895 (voa
978 4820 1008 4880 S.
1032 4819 1071 4882 64
1091 4821 1146 4884 aa)
1176 4819 1215 4877 ist
1243 4838 1280 4878 zu
1302 4821 1385 4880 einer
1409 4823 1602 4901 Aufadtlaay
1621 4821 1668 4880 der

258 4916 375 4975 Numen
393 4919 471 4976 aller
495 4916 676 4999 conspicua
698 4922 750 4979 des
770 4919 884 4980 kleiaea
905 4917 1019 4996 Collega
1040 4920 1205 4979 uerwuudt.

337 5081 348 5131 l
367 5075 436 5133 Dies
453 5095 542 5150 gaure
559 5079 669 5150 Capitol
685 5080 722 5135 ist
738 5083 831 5151 spitter
848 5077 1060 5135 durchatrichen
1078 5078 1197 5135 worden.
