3756 6158
249 462 307 526 128
703 465 759 514 Des
777 465 911 515 Iohannes
929 465 1008 516 Fabri
1027 467 1060 516 de
1077 466 1192 516 Werdea

244 641 417 731 perhibere
438 644 587 726 veritati,
615 653 726 710 tenore
747 647 968 733 praesentium
989 644 1118 732 publice
1137 656 1248 711 notum
1268 645 1405 711 facimus
1425 654 1494 711 tam
1514 666 1665 732 praesen·

246 741 333 807 tibus
355 764 452 828 quam
472 742 604 824 futuris,
627 744 715 832 quod
735 745 901 831 praefatus
924 747 1080 832 magister
1101 746 1149 811 .N.
1171 768 1257 810 anno
1285 745 1407 811 domini
1429 753 1487 811 etc.
1512 744 1568 809 die
1590 766 1665 808 varo

247 864 304 924 .n.‚
328 841 486 927 rigorosis
512 844 722 929 temptamina
749 853 780 908 et
806 846 956 910 examine
983 845 1160 910 seeundum
1190 867 1313 910 morem
1342 854 1375 910 et
1403 842 1667 911 consuetudinem

246 940 428 1005 antedictae
449 950 580 1007 nostrae
601 942 765 1007 facultatis
786 943 959 1030 diligenter
979 943 1179 1031 praehabitis
1201 943 1395 1032 licentiaque
1415 954 1566 1030 recepta,
1595 964 1667 1027 gra·

222 1038 326 1104 fidum
347 1041 526 1126 magisterii
547 1042 581 1105 in
601 1040 726 1107 artibus
749 1041 963 1126 sollemniter,
985 1045 1046 1108 rite
1066 1066 1106 1109 ac
1124 1042 1268 1129 legitime
1291 1053 1456 1108 assecutus
1477 1052 1511 1108 et
1531 1040 1667 1127 adeptus

247 1152 304 1204 est
347 1138 556 1226 Quapropter
575 1152 868 1227 praememoratum
891 1143 957 1226 .N.,
985 1144 1019 1207 in
1039 1141 1165 1207 artibus
1186 1144 1394 1229 magistrum,
1420 1142 1618 1211 confratrem
1638 1151 1668 1205 et

247 1240 385 1303 amicum
405 1249 549 1304 nostrum
571 1240 742 1323 dilectum,
774 1242 923 1308 omnibus
952 1251 984 1306 et
1007 1241 1158 1328 singtilis,
1188 1241 1305 1330 quihus
1327 1250 1516 1329 praesentes
1534 1248 1665 1306 nostrae

246 1338 374 1403 litterae
394 1338 560 1404 exhibitae
580 1349 637 1405 aut
656 1351 883 1427 praesentatae
904 1342 1039 1424 fuerint,
1059 1339 1197 1406 fideliter
1217 1339 1534 1423 recommendamus,
1565 1348 1665 1405 atten-

246 1440 309 1504 tius
331 1447 500 1524 rogantes,
530 1448 686 1525 quatenus
707 1440 815 1526 ipsum
834 1450 1017 1506 nostrarum
1039 1462 1172 1525 precum
1194 1462 1234 1505 ac
1255 1439 1362 1506 dietae
1381 1450 1512 1506 nostrae
1532 1436 1664 1505 faetrlta·

209 1539 291 1603 totis
313 1537 432 1602 intuitu
443 1536 620 1621 favoribus,
639 1538 896 1625 promotionibus
917 1549 949 1604 et
969 1538 1112 1605 consiliis
1132 1542 1285 1626 prosequi
1305 1540 1495 1655 dignantia·-
1487 1539 1663 1633 favorosis,

246 1659 305 1703 uos
327 1658 386 1724 per
407 1635 468 1702 hoc
490 1636 533 1701 ad
555 1637 736 1704 consimilia
758 1648 790 1703 et
810 1639 997 1705 facultatem
1016 1649 1161 1705 nostram
1187 1635 1271 1726 [42¹²]
1294 1628 1515 1737 saepedictam
1536 1637 1583 1703 ad
1601 1659 1665 1703 ma·

245 1738 318 1805 'uara
336 1735 613 1822 beneplacitorum
633 1760 756 1824 genera
777 1740 1046 1825 consuingentes.
1087 1738 1126 1803 In
1151 1759 1290 1839 quorum
1308 1758 1454 1805 omnium
1474 1738 1508 1805 'a't
1528 1735 1666 1825 singulo

230 1844 321 1901 rum
342 1837 596 1921 praemissorum
617 1837 714 1903 fidem
736 1847 795 1903 etc.
1400 1860 1406 1873 ·
1431 1810 1484 1877 ⁴³⁸*

331 1974 397 2031 Der
418 1973 523 2050 tibriqe
547 1973 632 2032 Their
652 1976 707 2033 der
728 1974 807 2034 Seite
828 1974 868 2033 iat
889 1977 950 2034 leer
972 1974 1129 2053 gehliehea.
1332 2034 1335 2039 ,
1357 1932 1438 2057 iq
1458 1928 1519 2067 li..

205 2262 237 2319 15
341 2258 392 2319 90.
422 2249 578 2338 [B1.4a·]
608 2267 726 2317 ronna
747 2269 1017 2319 asceamrroms
1039 2269 1337 2319 cnmoaaarsanrs
1358 2269 1428 2319 rao
1450 2222 1566 2319 chara
1633 2288 1652 2321 s

769 2369 993 2419 eremmon
1015 2370 1139 2418 suarm

328 2484 397 2548 Nos
418 2484 465 2549 .N.
488 2494 547 2549 etc.
568 2494 674 2550 rector
695 2495 806 2551 tenore
826 2487 1046 2573 praesentium
1067 2483 1196 2572 publice
1218 2483 1424 2571 profitemur,
1457 2482 1545 2575 quod
1567 2484 1665 2550 scien·

249 2586 353 2650 tificus
376 2583 435 2667 .N.,
456 2584 575 2649 artium
593 2583 813 2669 baccalarius,
834 2595 966 2651 nostrae
985 2585 1207 2650 universitatis
1229 2582 1411 2650 antedictae
1434 2582 1618 2650 membrum
1636 2592 1665 2647 et

250 2683 469 2772 suppositum,
491 2682 620 2770 publice
642 2693 820 2772 sponteque
841 2708 950 2751 eoram
971 2683 1066 2750 nobis
1086 2685 1291 2770 recognovit,
1321 2706 1392 2750 sese
1413 2682 1601 2751 honorabili
1620 2684 1663 2747 vi-

209 2796 302 2866 20ro,
324 2782 453 2848 domino
477 2782 537 2866 .N.,
558 2785 763 2870 praeceptori
783 2807 841 2850 suo
866 2783 1011 2867 colendo,
1033 2807 1093 2872 pro
1115 2784 1268 2870 expensis
1290 2806 1329 2848 ac
1351 2783 1425 2851 aliis
1447 2783 1664 2850 accomodatis

248 2883 385 2970 obligari
413 2905 453 2947 .n.
477 2881 546 2947 flor.
573 2882 607 2945 in
636 2905 715 2948 auro
742 2884 834 2949 iuxta
863 2883 1073 2972 chirographi
1103 2885 1153 2949 sui
1179 2882 1318 2970 desuper
1338 2882 1407 2949 dati
1427 2883 1665 2963 continentiam,

248 3005 383 3070 quorum
405 2981 536 3066 quidem
556 3004 594 3046 ,ιι
617 2981 811 3048 florenorum
835 2983 1040 3048 medietatem
1068 2982 1112 3048 ad
1137 2983 1254 3047 festum
1277 2982 1441 3067 Paschae,
1469 2982 1571 3049 aliam
1591 3002 1664 3047 vero

249 3091 425 3147 restantem
445 3080 651 3145 medietatem
673 3081 716 3159 ad
738 3081 824 3146 diem
845 3084 949 3147 sancti
970 3080 1140 3147 Michaelis
1161 3082 1310 3169 proxime
1330 3082 1491 3168 futurum,
1515 3093 1549 3147 et
1570 3102 1592 3146 a
1611 3078 1664 3146 da·

98 3250 101 3255 ,
247 3184 289 3249 tis
309 3179 536 3269 praesentibus
560 3179 831 3266 computandum,
852 3181 1029 3268 spopondit
1049 3191 1241 3269 maturaque
1263 3180 1497 3248 deliberatione
1518 3190 1552 3248 et
1574 3202 1664 3269 spon·

205 3288 345 3367 titanes
370 3279 535 3346 voluntate
563 3279 725 3367 pollicitus
752 3291 802 3345 est
837 3282 983 3368 praefato
1010 3283 1166 3368 magistro
1194 3281 1243 3345 .N.
1274 3280 1471 3348 sollemniter
1499 3278 1665 3369 stipulanu'

98 3378 101 3383 ’
227 3376 318 3448 ³sine
347 3378 502 3446 dilatione
536 3402 607 3445 cum
637 3381 816 3466 gratiarum
845 3382 972 3446 actione
1000 3379 1149 3446 benivole
1174 3379 1257 3445 velle
1284 3380 1485 3468 persolvere,
1517 3378 1665 3468 nulloque

185 3560 191 3575 3
246 3479 434 3571 privilegio,
461 3477 583 3544 auxilio
606 3479 658 3543 vel
686 3477 842 3545 beneficio
868 3481 1035 3565 utriusque
1063 3481 1142 3544 iuris
1170 3489 1235 3544 tam
1265 3481 1411 3546 canonici
1438 3503 1537 3569 quam
1564 3479 1665 3545 civilis

248 3590 360 3647 contra
381 3591 527 3644 tenorem
548 3579 767 3666 praesentium
789 3589 976 3644 nostrarum
994 3577 1176 3645 litterarum
1197 3578 1358 3665 gaudere,
1387 3601 1448 3645 nec
1475 3603 1535 3667 per
1558 3602 1593 3645 se
1614 3586 1665 3645 aut

248 3704 307 3766 per
335 3679 433 3744 alium
463 3677 571 3765 aliqua
600 3679 789 3764 exceptione
817 3677 870 3743 vel
898 3680 1101 3765 exemptione
1128 3680 1370 3762 contravenire,
1399 3680 1456 3745 sed
1482 3676 1665 3745 huiuamodi

207 3791 342 3846 30suum
365 3779 559 3865 promissum
577 3776 716 3842 fideliter
738 3776 923 3864 adimplere.
968 3776 1036 3842 Sub
1064 3791 1170 3864 poena
1191 3779 1327 3864 periurii
1348 3787 1404 3843 ant
1424 3787 1579 3845 anostra
1600 3779 1664 3843 uni·

247 3880 400 3944 versitate
426 3876 631 3943 exclusionis.
672 3878 710 3942 ln
739 3878 830 3942 cuius
859 3878 908 3941 rei
935 3877 1168 3959 testimonium,
1202 3876 1245 3941 ad
1281 3879 1474 3965 peticionem
1500 3879 1664 3965 utriusque

249 3982 350 4066 partis
369 3985 663 4064 praememoratae,
692 3978 795 4042 nostri
822 3985 1004 4041 rectoratus
1030 3975 1172 4063 sigillum
1192 3980 1357 4063 praesenti
1378 3979 1595 4065 recognitioni
1614 3999 1663 4042 nc

248 4091 335 4144 strae
357 4075 652 4164 subimpressimus.
692 4076 801 4141 Datae
823 4097 907 4140 anno
930 4084 989 4140 etc.

357 4300 406 4360 91.
430 4291 490 4381 [BL
505 4291 576 4379 43s]
605 4309 707 4358 coen
727 4309 954 4359 mrraaaaun
975 4308 1259 4358 cusnanrnnmn
1277 4309 1325 4357 an
1347 4308 1555 4359 aencorum.

206 4440 239 4496 35
331 4425 519 4492 Reverendo
541 4426 576 4492 in
598 4425 726 4492 Christo
751 4434 845 4512 pater
872 4448 912 4491 ac
931 4424 1060 4492 domine
1079 4425 1238 4512 gratiosel
1279 4425 1319 4490 In
1337 4425 1578 4513 emergentibus
1598 4426 1662 4511 qui·

248 4528 387 4594 busdam
416 4524 528 4591 arduis
555 4527 662 4590 cauus
689 4536 821 4591 nostrae
848 4526 1069 4591 universitatis
1095 4524 1162 4606 (vel
1182 4524 1361 4603 facultatis)
1385 4534 1503 4591 statum
1525 4533 1600 4602 (seu
1619 4525 1662 4589 in·

249 4623 458 4714 crementum)
480 4623 729 4712 respicientibus
750 4623 930 4691 honorabili
951 4625 1021 4690 viro
1041 4626 1108 4708 .N.,
1131 4625 1249 4690 artium
1270 4625 1442 4712 magistro,
1472 4624 1597 4714 aliquot
1615 4645 1661 4689 ar·

250 4728 366 4794 ticulos
385 4725 584 4791 reverendae
604 4725 789 4811 paternitati
811 4734 940 4789 vestrae
959 4724 1145 4790 referendos
1167 4725 1402 4807 commisimus,
1432 4727 1484 4790 cui
1511 4724 1558 4791 ad
1576 4744 1663 4811 prae

251 4850 324 4892 sens
345 4836 508 4913 tamquam
530 4826 563 4889 in
578 4825 640 4889 hiis
655 4822 842 4911 adplenum
857 4825 1030 4889 informato
1043 4824 1141 4889 fidem
1155 4822 1305 4889 adhiberi
1317 4825 1456 4912 petimus
1476 4823 1662 4889 creditivsm

209 4939 290 4993 thc
319 4927 346 4990 si
370 4948 430 4992 nos
458 4946 569 4990 omnes
598 4946 708 4989 eoram
726 4923 925 4988 reverendae
948 4925 1134 5010 paternitati
1156 4933 1284 4989 vestrae
1304 4923 1434 4989 eosdem
1454 4922 1662 5010 personalitm

249 5047 504 5106 recenseremus,
531 5023 736 5088 affectuosius
764 5034 934 5109 rogantes,
962 5022 1141 5087 reverenda
1171 5033 1236 5109 pat.
1260 5046 1288 5089 v.
1308 5023 1403 5088 nobis
1423 5046 1464 5088 ae
1483 5021 1593 5089 dictae
1611 5042 1661 5087 no·

254 5136 340 5190 strae
360 5125 562 5189 universitati
584 5120 651 5209 (vel
671 5120 831 5207 facultati)
853 5121 894 5187 de
915 5131 947 5186 et
959 5143 1058 5208 super
1073 5122 1258 5188 huiusmodi
1272 5125 1401 5212 punctis
1413 5125 1496 5201 (sive
1510 5120 1661 5195 menda)
