3756 6158
790 501 851 536 vom
869 487 952 538 Jahro
971 487 1043 538 1557.
1567 493 1622 556 171

329 669 374 734 Μ.
393 667 533 735 Iacobus
551 667 676 754 Berger
707 717 1363 738 ..............
1407 678 1427 740 6
1481 686 1512 758 91

329 770 374 835 M.
395 768 547 836 Baltasar
569 767 684 833 Gttler
705 766 868 854 Lamberg
870 816 1365 837 ...........
1408 781 1427 840 4
1488 801 1500 828 ι

329 870 374 935 M.
395 868 541 934 Adamus
563 866 722 952 Schilling
740 866 888 934 Hoenelb
892 920 1364 937 ...........
1406 871 1462 954 3112
1490 900 1502 927 ι

329 968 390 1057 [Bl.
412 966 465 1056 ge]
486 968 532 1033 M.
552 965 709 1034 Erasmus
728 967 875 1034 Kirstein
895 968 1060 1034 Vratislav
1063 1021 1361 1037 .......
1404 977 1424 1037 6
1487 998 1499 1025 2

331 1070 374 1134 M.
395 1068 615 1154 Hieronymus
637 1066 786 1133 Giinther
808 1066 969 1134 Camitian
971 1117 1359 1135 .........
1404 1076 1424 1138 6
1486 1099 1497 1125 =
1651 1081 1667 1134 5

289 1201 344 1268 Ab
367 1200 557 1268 absentibus
577 1201 744 1287 magistris
766 1200 881 1266 similis
901 1201 998 1268 debet
1018 1203 1107 1290 exigi
1126 1202 1346 1270 beneficentia.

285 1302 338 1368 Ita
359 1303 426 1367 iam
447 1325 489 1368 ex
512 1299 655 1368 collectis
676 1309 709 1365 et
730 1299 1023 1368 contributionibus
1055 1303 1287 1391 suprascriptis
1315 1303 1474 1370 confluxit
1501 1327 1627 1370 summa

202 1401 393 1491 quindecim
414 1401 612 1483 florinorum,
633 1421 751 1465 novem
771 1422 958 1486 grossorum
978 1411 1010 1466 et
1031 1424 1089 1468 sex
1111 1401 1325 1470 denariorum.

287 1501 383 1583 Quae
411 1508 447 1567 ut
472 1506 598 1565 crescat
625 1521 665 1563 ac
691 1497 843 1583 ditescat,
869 1499 993 1587 placuit
1018 1503 1141 1568 nationi
1165 1503 1199 1567 in
1226 1502 1367 1569 suenum
1394 1503 1480 1570 hunc
1505 1525 1627 1568 morem

203 1600 343 1690 singulis
365 1602 458 1667 aunis
481 1597 719 1666 observandum
740 1607 772 1663 et
793 1598 835 1663 ab
856 1600 918 1666 hoc
946 1601 1054 1665 statim
1076 1601 1128 1667 die
1149 1602 1320 1669 exordium
1341 1601 1525 1669 faciendum
1547 1625 1627 1685 esse,
1639 1612 1670 1666 10

203 1700 292 1790 quod
315 1698 435 1766 debeat
455 1696 592 1788 quilibet
614 1697 824 1764 studiosus
845 1698 950 1785 primo
972 1721 1057 1766 anno
1078 1698 1238 1768 adventus
1259 1702 1319 1785 sui,
1336 1696 1447 1790 ¹prima
1465 1725 1542 1769 mox
1562 1726 1627 1769 mo-

204 1802 327 1868 nitione
348 1800 446 1882 facta,
467 1797 550 1863 duos
572 1818 704 1884 grossos
723 1818 905 1882 numerare,
934 1798 1072 1865 dominis
1092 1823 1171 1866 vcro
1193 1798 1355 1868 nobilibus
1377 1824 1417 1867 ac
1438 1801 1627 1889 praediviti-

204 1900 265 1967 bus
288 1898 405 1966 modus
424 1921 490 1965 non
512 1898 554 1963 sit
575 1905 723 1980 stabitne,
750 1897 807 1962 sed
825 1921 953 1986 semper
973 1897 1102 1966 illorum
1121 1899 1320 1985 liberalitati,
1341 1910 1378 1966 ut
1398 1910 1628 1987 quantumcun-

206 2022 268 2086 que
288 1998 391 2065 velint
411 1998 497 2080 dent,
520 1995 764 2084 relinquendum
785 2006 844 2063 est.

291 2095 355 2187 [Bl.
376 2093 428 2187 7⁸]
448 2092 717 2162 Promovendi
738 2106 853 2183 postea
877 2098 1004 2178 solvant
1640 2110 1671 2166 15

331 2211 612 2303 Baocalasueandi
631 2213 669 2305 in
687 2212 813 2280 artibus
833 2215 952 2302 singuli
1005 2265 1364 2284 ........
1428 2227 1447 2287 4
1482 2236 1512 2305 pt

330 2315 502 2405 inceteris
523 2310 732 2401 facultatibus
754 2364 1114 2382 ........
1258 2369 1265 2383 .
1309 2369 1315 2381 .
1359 2368 1366 2382 .
1429 2323 1449 2385 6
1490 2346 1502 2373 ς

330 2410 549 2500 Magistrandl
573 2410 685 2478 itidem
708 2462 1367 2481 ..............
1430 2424 1450 2485 6
1492 2445 1504 2472 ε

331 2511 535 2579 Lioentlantll
552 2561 1366 2581 .................
1429 2522 1448 2585 8
1491 2545 1504 2572 ε

330 2603 533 2681 Doctorandi
558 2659 1368 2680 .................
1413 2621 1450 2682 12
1493 2645 1505 2671 ε
1638 2625 1672 2681 20

291 2745 418 2829 Quibus
441 2745 573 2810 fortuna
595 2742 708 2826 offitia,
729 2743 944 2811 emolumenta
965 2757 997 2812 et
1018 2770 1152 2815 munera
1171 2747 1303 2836 publica
1324 2748 1494 2832 adiecerit,
1521 2772 1627 2815 nume·

224 2856 283 2914 rent
301 2843 419 2933 singuli
442 2843 540 2911 semel
562 2852 595 2910 et
615 2844 741 2908 statim:

332 2962 508 3029 Curatores
530 2957 739 3045 collegiorum
760 2959 889 3027 Paulini
910 2972 941 3028 et
959 2965 1037 3029 novi
1059 3016 1265 3029 .....
1277 2987 1279 2990 ·
1309 3016 1315 3029 .
1359 3016 1365 3029 .
1429 2971 1448 3032 2
1483 2980 1514 3052 9<

332 3061 509 3129 Oeoonomi
528 3057 659 3124 Paulini
706 3109 1366 3130 ..............
1429 3073 1450 3134 6
1492 3095 1504 3122 a

331 3160 506 3229 Curatores
527 3156 678 3222 villarum
707 3207 1368 3230 ..............
1431 3171 1452 3233 6
1493 3193 1504 3220 ε

334 3259 506 3346 collegiati
525 3258 658 3323 maioris
680 3256 807 3344 collegii
858 3311 1368 3329 ...........
1430 3272 1451 3333 6
1492 3295 1504 3321 a

415 3388 428 3415 s
527 3357 686 3444 prlnsslpM
707 3408 1368 3429 ..............
1430 3371 1449 3431 4
1492 3391 1505 3418 ¹

416 3486 430 3515 ι
530 3456 803 3544 ὴεαιιοώςὶηἰε
858 3509 1367 3529 ...........
1430 3470 1450 3532 3
1492 3493 1505 3520 ⁵

332 3557 537 3626 Professores
555 3556 591 3621 in
610 3554 736 3622 artibus
758 3607 1369 3629 .............
1431 3571 1452 3632 6
1493 3590 1506 3619 ι

251 3662 255 3666 “
332 3660 366 3724 in
386 3657 502 3724 ceteris
523 3654 732 3725 facultatibus
757 3707 1015 3724 ......
1051 3743 1056 3747 .
1058 3711 1368 3728 .......
1414 3667 1452 3730 12
1493 3692 1505 3718 ⁵

334 3753 469 3846 [11171]
491 3753 1025 3826 Ordinariiiuridieaefaeultatis·
1059 3811 1367 3829 .......
1410 3769 1450 3830 24
1493 3792 1505 3819 1

332 3855 461 3923 Domi
480 3852 661 3920 medicinae
704 3905 1363 3927 ..............
1407 3869 1447 3930 24
1489 3892 1501 3918 ³

331 3953 441 4021 Inditii
462 3955 572 4020 curiae
592 3976 773 4022 assessores
806 4005 1366 4027 ............
1411 3968 1448 4031 18
1491 3991 1503 4017 ε

333 4055 436 4123 ludex
455 4053 563 4120 iuditii
583 4056 693 4122 curiae
703 4105 1366 4126 ..............
1409 4068 1449 4130 24
1491 4089 1505 4116 ¹

334 4155 563 4221 Procuratnes
584 4153 728 4220 eiusdem
757 4206 1369 4226 .............
1414 4166 1451 4228 16
1493 4189 1506 4217 s

334 4249 583 4323 Oonsistoriales
606 4303 1368 4324 ................
1415 4265 1451 4328 18
1494 4288 1506 4315 τ

335 4352 461 4421 Notarii
482 4353 703 4420 universitatis

395 4481 409 4509 ι
483 4452 593 4518 curiae
622 4452 727 4520 iuditii
782 4454 900 4542 singuli
960 4509 1367 4525 .........
1413 4465 1451 4526 12
1492 4489 1504 4515 ⁵

395 4581 409 4609 ι
485 4552 626 4619 civitatis
1092 4544 1096 4550 ”

335 4651 642 4741 Super-attendentes
664 4664 696 4720 et
713 4663 862 4743 pastores
883 4657 1103 4741 ecclesiarum,
1125 4657 1269 4744 singuli.
1311 4709 1318 4722 .
1361 4709 1368 4722 .
1414 4664 1451 4726 12
1493 4687 1506 4714 ⁵

334 4750 476 4819 Minittfi
496 4751 721 4821 ecdesisrum*
758 4805 1017 4822 ......
1043 4818 1048 4822 Α
1060 4807 1368 4822 .......
1431 4762 1450 4823 6
1492 4788 1504 4815 ¹

336 4851 507 4918 Senatores
529 4851 670 4918 uvitafis
707 4904 1368 4920 ..............
1413 4863 1451 4924 12
1492 4886 1505 4913 1

334 4949 436 5016 Iudex
457 4952 599 5018 civitatis
658 5003 1368 5020 ...............
1414 4963 1451 5025 18
1493 4985 1505 5013 a

337 5049 492 5118 Consules
513 5052 654 5119 civitatis
707 5102 1368 5120 ..............
1409 5062 1450 5123 21
1492 5085 1505 5112 a

337 5148 492 5218 Oanonici
511 5150 693 5219 Miscenses
711 5200 1370 5223 ..............
1413 5161 1453 5226 21
1494 5183 1508 5210 ⁶
