3756 6158
243 463 303 527 528
738 467 787 515 Dio
805 465 1023 531 philosophischc
1040 465 1166 519 Faculti'st

247 655 425 725 caveretur,
446 666 485 706 ne
508 643 585 731 quid
606 646 639 708 in
661 644 723 709 hac
745 657 837 733 parte
861 659 980 713 temere
1002 658 1058 713 aut
1079 670 1251 735 perperam
1273 647 1375 712 fieret.
1391 706 1392 710 ,
1411 645 1567 710 Veterum
1594 669 1668 709 sanc

245 743 446 828 diligentiam
476 755 507 806 ct
537 766 647 807 curam
677 747 777 810 minui
806 771 869 812 non
900 758 1041 834 oportet,
1077 747 1235 835 quaedam
1264 757 1373 811 tamen
1401 756 1433 810 et
1462 756 1611 831 tempore
1639 755 1669 808 et

247 842 341 907 modo
364 841 517 927 deinceps
539 841 760 909 administrari
783 845 905 932 placuit
927 846 1024 934 paulo
1047 847 1140 911 aliter
1162 868 1258 932 quam
1279 847 1380 932 prius,
1400 844 1463 911 boc
1483 855 1590 931 pacto.

330 992 426 1058 Certo
460 992 512 1055 die
545 1005 577 1057 et
608 994 779 1079 praefinita
810 995 892 1060 hora
931 994 1217 1083 (quemadmodum
1253 1019 1311 1060 vos
1341 996 1449 1059 vocati
1482 995 1548 1059 iam
1582 996 1669 1074 estis)

204 1104 219 1158 5
248 1093 413 1158 accersitis
442 1091 635 1177 petitoribus
665 1092 751 1157 tituli
782 1094 1024 1160 baculariorum
1058 1119 1078 1160 a
1113 1095 1235 1160 decano
1259 1081 1355 1159 illius
1385 1095 1545 1181 temporis
1581 1115 1669 1180 prae·

245 1191 383 1278 legenda
410 1200 484 1254 sunt
505 1190 585 1254 haec
609 1193 725 1276 capita.

886 1361 1031 1439 rumori.

328 1472 493 1537 Bacularii
520 1472 613 1537 titulo
642 1476 753 1559 quiin
784 1475 959 1540 academiis
982 1485 1125 1562 ornatur,
1151 1476 1180 1539 is
1209 1475 1302 1562 quasi
1326 1475 1513 1540 tirocinium
1544 1472 1671 1560 deponit

247 1577 280 1638 in
303 1574 419 1636 militia
441 1572 621 1636 litterarum
643 1584 674 1636 et
696 1573 862 1638 doctrinae
895 1575 981 1638 ethi
1005 1574 1118 1639 audire
1140 1584 1280 1661 possunt
1301 1575 1442 1661 saepius,
1465 1572 1547 1658 quid
1567 1575 1601 1636 in
1616 1572 1671 1637 hoc

207 1684 238 1737 10
248 1696 345 1737 cursu
375 1674 465 1758 sequi
498 1680 529 1735 et
559 1694 691 1734 servare
718 1695 977 1759 unumquemque
1007 1683 1163 1760 oporteat.
1204 1672 1285 1737 Sunt
1313 1682 1421 1737 autem
1448 1671 1529 1754 duo,
1559 1670 1670 1758 quibus

247 1769 562 1856 comprehenduntur
577 1773 738 1852 universa,
759 1771 912 1835 honestas
927 1774 1014 1836 vitae
1036 1772 1247 1860 probitasque
1265 1795 1391 1837 morum
1409 1781 1442 1837 et
1462 1770 1546 1837 ordo
1567 1770 1670 1851 studii,

248 1869 423 1935 secundum
446 1892 539 1955 quom
561 1870 726 1958 inquisitio
747 1871 818 1935 fieri
841 1869 943 1935 debet.
975 1871 1027 1936 De
1048 1870 1098 1938 his
1121 1872 1220 1957 igitur
1240 1873 1460 1958 unusquisque
1483 1871 1569 1935 sciat
1589 1892 1670 1935 com·

248 1972 413 2035 munitatis
433 1978 564 2033 nostrae
587 1971 801 2054 cognitionem
828 1972 969 2034 futmam
999 1992 1069 2052 esse
1096 1972 1227 2034 minime
1248 1969 1465 2056 negligentem
1487 1980 1548 2035 aut
1567 1971 1671 2034 remis-

249 2094 328 2134 sam.
372 2059 465 2131 Nunc
493 2067 623 2154 quidem
651 2070 756 2154 repeti
784 2068 851 2151 illa,
879 2091 962 2154 quae
984 2071 1078 2133 toties
1107 2068 1235 2155 publice
1263 2070 1451 2152 recitantur,
1480 2091 1671 2156 supervaca-

209 2180 239 2234 15
249 2192 343 2234 neum
367 2176 468 2249 esset3
497 2169 525 2230 si
548 2168 598 2230 cui
620 2157 705 2231 enim
728 2169 840 2253 ignota
863 2166 919 2232 illa
948 2178 1036 2250 sunt,
1067 2171 1279 2234 temerariam¹
1302 2169 1492 2255 petitionem
1515 2171 1585 2234 eius
1607 2192 1671 2234 esse

251 2276 387 2354 oportet.
428 2265 494 2330 Suo
522 2266 620 2351 igitur
650 2269 785 2352 quisque
814 2266 959 2354 periculo
987 2278 1092 2352 petet3
1127 2290 1201 2331 nam
1234 2266 1410 2332 secundum
1440 2271 1615 2334 constituta
1644 2278 1672 2332 et

250 2367 379 2432 decreta
406 2374 475 2429 tota
502 2387 554 2428 res
583 2375 767 2452 peragetur.
812 2365 908 2447 Quod
930 2361 995 2452 [29]
1018 2366 1045 2429 si
1076 2374 1275 2452 compertum
1303 2366 1416 2450 fuerit,
1443 2367 1497 2432 vel
1526 2367 1672 2432 indecore

250 2479 280 2530 et
307 2466 447 2551 turpiter
474 2463 613 2548 aliquem
644 2465 733 2550 apud
761 2488 820 2530 nos
847 2467 970 2529 vixisse
993 2462 1045 2528 vel
1074 2452 1277 2551 praefinitam
1305 2467 1463 2531 rationem
1491 2467 1670 2532 'studiorum

251 2573 394 2629 secutum
420 2586 485 2628 non
515 2585 601 2646 esse,
634 2573 790 2628 statuetur
820 2562 1042 2629 communibus
1072 2565 1253 2647 sententiis,
1279 2564 1359 2650 quid
1386 2564 1497 2631 facere
1523 2588 1595 2630 eum
1622 2576 1669 2630 aut

208 2673 419 2751 topraestare
440 2662 559 2749 quidve
580 2662 621 2727 de
642 2661 698 2727 illo
721 2663 790 2728 fieri
813 2656 970 2750 oporteat.
1013 2662 1109 2742 Quod
1136 2662 1180 2727 ad
1205 2663 1407 2729 honestatem
1429 2665 1561 2746 attinet,
1586 2666 1668 2728 nimi·

250 2787 323 2827 rum
355 2763 515 2826 nominem
552 2762 644 2843 latet,
682 2762 808 2848 flagitia
842 2775 874 2827 et
912 2761 1035 2826 scelera
1066 2764 1174 2826 onmia
1205 2763 1367 2828 honestati
1399 2786 1471 2828 esse
1505 2766 1666 2829 contraria

249 2863 408 2927 Doctrina
431 2873 536 2924 autem
559 2860 700 2947 publica,
729 2884 812 2948 quac
833 2861 1067 2949 licquentauda
1094 2884 1114 2925 a
1135 2861 1228 2926 vobis
1255 2863 1332 2945 fuit,
1363 2873 1413 2927 est
1444 2865 1666 2949 grammaticae

253 2983 391 3047 graecae
414 2972 446 3023 et
467 2959 586 3024 latinae
596 2963 613 3043 ¹,
639 2959 838 3043 dialecticae,
864 2961 1011 3046 poeticae
1033 2969 1066 3025 et
1088 2960 1316 3029 elementorum
1345 2961 1540 3044 rhetoricae,
1568 2962 1666 3050 physi-

252 3084 309 3125 cae
341 3069 437 3145 atque
470 3059 710 3124 anathematum.
752 3061 804 3124 De
834 3059 1108 3146 disputationibus
1140 3061 1237 3124 etiam
1269 3058 1411 3147 publicis
1444 3072 1477 3126 et
1509 3061 1665 3126 rhetoricis

214 3156 543 3226 censer-citationibus
564 3158 598 3223 id
620 3159 691 3224 fieri
712 3159 753 3225 ab
776 3181 967 3247 unoquoque
989 3158 1114 3241 debuit,
1134 3158 1220 3246 quod
1241 3159 1484 3246 praescriptum
1508 3170 1566 3225 est.
1592 3158 1665 3239 Quo

253 3282 323 3322 rum
351 3256 515 3342 neglectus
544 3256 586 3321 ad
609 3269 802 3323 contemtum
823 3258 946 3322 scilicet
975 3258 1085 3322 iudicii
1115 3259 1352 3323 communitatis
1374 3268 1508 3325 nostrae
1531 3259 1666 3345 pertinet,

254 3359 294 3422 de
316 3380 377 3442 quo
399 3356 492 3422 huius
515 3355 730 3424 consideratio
751 3368 800 3422 est
822 3360 938 3423 futura.

866 3541 1061 3589 SECUNDUM.

335 3658 438 3722 Iurati
467 3680 506 3722 ea
529 3657 738 3743 promittetis,
766 3679 849 3742 quae
873 3658 937 3720 iam
966 3653 1196 3737 recitabuntur,
1224 3678 1273 3737 uc,
1300 3653 1389 3742 quod
1412 3678 1492 3721 vere
1513 3657 1665 3721 affirmare

212 3759 475 3844 30unusquisque
496 3758 599 3842 possit
619 3766 649 3819 ct
670 3768 704 3818 ut
725 3756 919 3841 promissum
940 3754 1092 3840 religiose
1111 3754 1218 3836 faciat,
1241 3755 1305 3841 ipsi
1328 3754 1518 3840 cogitabitis
1540 3767 1572 3821 et
1591 3755 1667 3820 anni·

254 3859 379 3922 remini:
422 3855 541 3940 „„Ego
574 3855 621 3918 .N.
652 3856 737 3937 iuro,
769 3856 908 3941 primum
941 3878 991 3919 me
1023 3876 1094 3918 esse
1126 3853 1301 3938 legitimam
1335 3854 1480 3920 sobolem
1511 3866 1669 3942 parentum

255 3978 407 4036 meorum,
437 3954 576 4018 secundo
600 3976 726 4017 omnem
753 3965 902 4017 eventum
930 3954 1094 4039 petitionis
1125 3975 1227 4039 aequo
1257 3954 1365 4018 animo
1395 3953 1551 4036 laturum,
1578 3975 1670 4040 neque

255 4054 319 4119 ullo
348 4056 381 4116 in
412 4076 505 4135 casu,
534 4076 597 4117 non
630 4052 836 4116 admissionis
864 4051 915 4117 vcl
944 4052 1108 4138 repulsae,
1136 4051 1314 4116 vindictam
1344 4064 1589 4140 usurpatmum,
1615 4048 1671 4132 sed,

256 4153 408 4240 quicquid
435 4152 604 4234 acciderit,
635 4175 864 4238 perpessurum
893 4175 964 4215 esse
987 4154 1055 4216 sine
1080 4151 1211 4238 querela
1239 4151 1279 4216 de
1300 4151 1375 4217 ullo.
1420 4151 1458 4217 Si
1480 4152 1570 4240 quid,
1598 4147 1672 4239 quod

213 4266 246 4320 35
258 4254 336 4318 deus
359 4261 499 4334 avertat,
528 4260 642 4315 contra
663 4251 725 4316 hoc
746 4252 861 4316 fecisse
885 4247 948 4336 [30]
971 4250 1229 4336 depraehendar,
1258 4251 1427 4317 infamiam
1456 4254 1592 4340 periurii
1611 4253 1672 4336 ipsc

255 4353 333 4417 mihi
363 4352 424 4416 hoc
452 4351 539 4415 facto
567 4352 685 4435 irrogo,
713 4361 759 4432 et,
790 4353 970 4439 quicunque
997 4351 1103 4416 laesus
1133 4375 1152 4415 a
1179 4373 1230 4415 me
1256 4351 1369 4434 fuerit,
1399 4352 1429 4416 ei
1458 4353 1584 4416 iuratus
1610 4372 1672 4437 per·

257 4452 379 4517 solvam
410 4450 543 4515 florinos
576 4451 825 4536 quinquaginta,
859 4453 927 4514 sine
950 4452 1036 4516 omni
1067 4452 1288 4532 recusatione,
1320 4453 1566 4538 quamprimum
1593 4451 1672 4516 fuero

255 4550 478 4617 convictus·““

338 4666 430 4730 Haec
457 4667 557 4751 igitur
579 4667 634 4747 ita,
661 4676 697 4730 ut
723 4665 882 4749 audiistis,
910 4665 1018 4730 verbis
1041 4675 1196 4752 concepta
1218 4688 1259 4729 ex
1279 4667 1380 4730 animi
1400 4669 1505 4733 vestri
1528 4666 1673 4732 sententis

217 4766 418 4847 tbiurabitis,
447 4766 480 4828 id
504 4774 566 4847 est,
596 4788 666 4829 esse
692 4765 868 4849 legitimam
892 4763 1032 4830 sobolem
1054 4788 1311 4852 unumquemque
1332 4775 1364 4829 et
1385 4781 1544 4852 eventum,
1560 4766 1671 4852 petitio

257 4869 316 4948 nis,
345 4868 527 4953 quicunque
555 4865 584 4928 is
612 4864 722 4946 fuerit,
751 4860 853 4950 aequo
881 4865 988 4929 animo
1018 4865 1087 4928 sine
1107 4861 1173 4927 ulla
1193 4865 1405 4949 usurpatione
1426 4865 1591 4930 vindictae
1612 4883 1671 4930 esse

258 4965 406 5029 laturum.
448 4963 620 5029 Accedetis
642 4964 740 5049 igitur
763 4962 880 5049 singuli
904 4975 934 5026 et
958 4965 1176 5051 unusquisque
1198 4963 1285 5027 dicat
1306 4962 1489 5046 „„Iuro.““

343 5137 352 5186 1
373 5129 644 5202 Uebergeschrieben
660 5128 800 5199 utriusque
818 5127 936 5198 linguae.
