3756 6158
596 485 681 535 Aehte
700 486 963 551 Statutenredaction,
982 498 1041 536 rom
1060 489 1142 538 Jahre
1161 486 1231 538 1558.
1565 487 1624 548 527

290 665 415 730 Eadem
438 669 545 730 omnia
573 666 613 730 de
643 666 833 753 petitoribus
859 670 1036 754 magisterii
1066 667 1290 749 servabuntur,
1320 678 1443 732 tantum
1465 669 1505 730 iis
1527 676 1628 729 muta·

206 768 257 847 tis,
281 788 364 851 quae
386 769 502 830 mutari
525 791 577 831 res
600 778 701 851 coget,
722 768 873 831 nimirum
894 771 1018 831 ratione
1038 768 1197 831 examinis
1218 777 1250 830 et
1269 768 1485 853 inquisitionis
1507 768 1539 829 in
1558 789 1629 829 enr-

205 888 276 928 surn
299 865 465 929 doctrinae
494 877 525 928 et
554 866 604 930 his
632 865 807 946 similibus3
837 890 910 930 naui
939 866 979 931 de
1005 868 1260 932 renunetiatione
1280 888 1438 931 novorum
1460 869 1629 950 magistro·

205 986 276 1027 rum
300 964 542 1050 supradictum
565 976 622 1028 est.

291 1079 325 1144 Si
350 1082 405 1165 qui
426 1082 508 1146 forte
527 1083 561 1144 in
582 1080 647 1144 alia
666 1080 833 1145 academia
857 1083 925 1145 eius
947 1084 1102 1167 temporis
1125 1106 1253 1146 cursum
1268 1083 1444 1146 coniecisse
1463 1104 1496 1144 se
1512 1079 1628 1159 dicent,
1656 1088 1672 1141 5

206 1201 270 1263 qno
299 1178 352 1242 hic
380 1179 555 1243 secundum
586 1191 707 1244 statuta
735 1183 858 1243 versari
884 1177 947 1266 [26]
975 1180 1175 1262 debuissent,
1205 1194 1236 1244 et
1265 1180 1402 1246 coluisse
1430 1179 1485 1242 illa
1514 1177 1632 1258 studia,

160 1325 165 1335 .
206 1277 324 1363 quibus
351 1288 387 1341 nt
414 1278 507 1342 detur
536 1300 636 1364 opera
667 1279 916 1364 praescribitur,
949 1281 971 1343 ii
1002 1279 1130 1364 publico
1160 1291 1215 1342 aut
1245 1291 1330 1343 certe
1358 1302 1484 1360 eorum,
1515 1277 1631 1362 quibus

206 1377 473 1462 praeceptoribus
487 1379 536 1441 usi
554 1387 636 1459 sunt,
659 1380 850 1458 testimonio,
872 1377 932 1441 hoc
954 1379 1000 1441 ita
1020 1401 1054 1442 se
1069 1378 1198 1458 habere,
1222 1378 1352 1464 planum
1375 1379 1481 1441 facere
1504 1375 1630 1440 debent.

207 1473 305 1554 Quod
327 1477 354 1539 si
376 1476 526 1559 fecerint,
556 1479 667 1564 petitio
690 1478 836 1563 ipsorum
857 1476 1045 1542 admittetur
1067 1480 1191 1563 pariter
1211 1488 1246 1541 ut
1270 1477 1415 1543 aliorum.

261 1676 309 1722 DE
330 1676 512 1741 sxrnnnm,
535 1677 594 1735 Qul
615 1678 708 1724 annu
729 1676 891 1724 HONORES
914 1676 1168 1725 surionasrlcos
1191 1676 1384 1725 consanum
1406 1678 1528 1740 FUERE,
1551 1678 1584 1723 ln
1647 1670 1679 1723 10

599 1775 812 1824 NOSTRORUM
833 1775 1004 1824 NUMERUM
1025 1774 1249 1825 ssnnnaannla.

829 1894 937 1956 Caput
956 1895 1016 1943 XV.

294 2004 360 2085 Qui
381 2006 415 2070 in
437 2007 502 2072 alia
526 2008 694 2072 academia
722 2007 906 2072 bacularius
933 2009 1128 2093 magisterve
1157 2009 1261 2073 factus
1291 2010 1385 2072 suerit
1414 2021 1445 2071 et
1470 2009 1504 2071 in
1526 2030 1633 2070 nume-

209 2128 282 2170 rum
303 2114 487 2170 nostrorum
510 2118 597 2193 petet
624 2108 754 2188 referri,
782 2110 810 2169 is
832 2107 954 2171 decano
983 2105 1140 2171 indicabit
1171 2108 1357 2192 petitionem
1389 2130 1478 2170 suam
1510 2118 1541 2170 et
1571 2107 1634 2193 pri·

209 2226 296 2268 mum
331 2205 464 2291 publico
493 2208 675 2270 testimonio
708 2208 946 2271 communitatis
975 2205 1161 2270 academiae
1188 2206 1291 2286 illius,
1324 2209 1356 2269 in
1388 2230 1451 2292 qna
1479 2205 1634 2269 honorum
1649 2215 1677 2268 15

211 2301 322 2367 titulos
344 2314 550 2368 consecutum
574 2328 608 2369 se
630 2328 701 2370 esse
722 2305 821 2386 dicet,
852 2305 914 2369 hoe
936 2305 1067 2392 planum
1088 2306 1196 2387 taciet,
1219 2305 1335 2371 deinde
1357 2304 1507 2391 publicae
1527 2304 1635 2390 dispu-

210 2403 342 2485 tationi,
373 2405 463 2467 cuius
493 2406 601 2490 capita
627 2407 703 2490 ipse
732 2404 772 2468 de
802 2406 959 2468 sententia
990 2404 1103 2468 decani
1133 2427 1314 2491 proponere
1345 2404 1455 2486 debet,
1486 2406 1637 2489 praeerit.

210 2500 255 2565 Et
269 2504 325 2583 ita,
341 2513 510 2566 numerata
524 2505 744 2567 communitati
760 2505 907 2589 pecunia,
928 2503 997 2567 loco
1013 2507 1222 2568 conveniente
1240 2506 1323 2568 inter
1337 2502 1521 2568 bacularios
1535 2504 1635 2588 magi-

212 2611 339 2665 strosve
361 2600 581 2687 perscribatur
603 2625 719 2667 nomen
740 2604 854 2688 ipsius,
876 2614 906 2666 et
927 2625 1009 2666 unns
1032 2625 1072 2666 ex
1094 2605 1212 2667 nostris
1235 2602 1427 2667 censebitur.

504 2801 551 2847 DE
571 2801 794 2850 auronlrara
817 2802 945 2848 DECANI
965 2802 1010 2848 ΕΤ
1031 2800 1179 2847 consmu
1203 2801 1347 2849 PUBLICI.
1644 2791 1677 2844 ‘20

826 2920 933 2982 Caput
952 2920 1029 2970 xv1.

296 3031 425 3097 Placuit
453 3034 614 3115 constitui,
641 3045 677 3097 ut
698 3054 809 3097 omnes
831 3034 989 3117 magistri,
1019 3043 1174 3119 quantum
1203 3032 1245 3096 ad
1276 3033 1456 3097 studiorum
1482 3033 1637 3095 rationem

215 3143 246 3196 et
268 3142 428 3196 tractatus
450 3135 572 3215 attinet,
596 3132 731 3198 subiecti
756 3128 819 3216 [27]
844 3132 907 3195 sint
928 3130 1041 3195 ditioni
1065 3130 1179 3196 decani
1205 3142 1236 3196 et
1258 3132 1379 3219 publici
1402 3130 1536 3212 consilii,
1562 3152 1638 3213 quo-

215 3254 287 3295 rnm
310 3233 514 3296 autoritatem
543 3234 597 3318 qui
625 3234 784 3319 spreverit
810 3241 841 3294 et
866 3229 1012 3316 legit-iura
1033 3232 1122 3295 iussa
1148 3231 1343 3317 neglexerit,
1371 3230 1411 3294 de
1433 3252 1470 3295 eo
1493 3227 1639 3294 consulta

215 3332 439 3412 communitas,
468 3330 546 3416 quid
573 3333 680 3395 lacere
703 3332 900 3395 sustinereve
930 3352 1053 3415 poenae
1082 3331 1209 3395 nomine
1238 3330 1368 3410 debeat,
1398 3329 1555 3394 decernet
1596 3326 1680 3390 Et25

216 3429 345 3495 decreto
369 3432 590 3519 unusquisqne
611 3430 749 3516 parebit.
787 3431 828 3494 Ni
851 3430 1010 3516 paruerit,
1033 3429 1193 3514 quomodo
1217 3428 1355 3494 audacia
1374 3428 1448 3493 talis
1470 3428 1638 3494 cohercea-

216 3540 277 3611 tur,
302 3528 549 3612 deliberabitur3
579 3542 625 3612 et,
655 3531 682 3593 si
710 3552 842 3593 neccsse
870 3530 926 3609 sit,
956 3530 1112 3592 severitas
1141 3552 1177 3593 eo
1205 3529 1373 3614 procedet,
1404 3538 1438 3592 ut
1464 3539 1638 3592 contumax

216 3629 287 3693 iure
308 3639 340 3694 et
362 3649 419 3714 spe
441 3628 679 3694 commodorum
703 3630 753 3692 sni
774 3627 857 3693 tituli
879 3627 922 3691 ad
943 3638 1063 3692 eertum
1086 3639 1211 3714 tempus
1232 3630 1387 3715 privetur.
1422 3626 1486 3708 Qui
1508 3629 1542 3691 in
1563 3648 1637 3690 eon·

216 3725 288 3793 silio
312 3737 419 3791 autem
442 3728 570 3814 publico
593 3741 694 3811 erunt,
723 3730 746 3792 ii
767 3727 871 3792 nullas
894 3728 1114 3791 contentiones
1137 3738 1192 3791 ant
1212 3726 1295 3809 litos,
1323 3750 1511 3814 quacunque
1539 3726 1579 3790 de
1605 3750 1640 3790 re

217 3837 316 3909 ortas,
344 3825 408 3891 alio
431 3825 590 3909 deferent,
618 3838 674 3892 ant
701 3826 782 3891 ullas
810 3828 1032 3892 accusationes
1055 3827 1220 3890 instituent
1248 3826 1324 3891 alibi
1352 3849 1446 3912 quam
1476 3826 1517 3890 ad
1547 3824 1683 3889 deca-30

216 3949 293 3991 num
323 3935 355 3990 et
386 3949 494 3991 coram
523 3927 655 3992 decano.
699 3927 729 3990 ls
754 3926 903 3990 omnibus
930 3925 1034 3990 modis
1055 3926 1206 4008 tentabit,
1236 3940 1269 3990 ut
1297 3927 1534 3989 controversiae
1557 3941 1640 3990 corn·

218 4037 381 4111 ponantur
402 4036 457 4089 aut
479 4025 680 4109 decidantur,
703 4025 754 4089 vel
782 4049 853 4090 cnm
881 4025 965 4089 bona
994 4027 1099 4110 gratia
1123 4024 1173 4088 vel
1203 4027 1367 4089 sentencia
1394 4048 1452 4088 sua
1481 4035 1512 4089 et
1539 4025 1640 4088 senio-

217 4146 299 4192 rum.
342 4123 377 4189 Si
407 4135 513 4190 tamen
535 4125 652 4213 aliquis
679 4136 850 4210 gravatum
872 4149 906 4189 se
929 4126 1016 4189 forte
1037 4132 1142 4212 putet,
1169 4125 1199 4187 ei
1225 4123 1362 4188 liberiun
1385 4136 1454 4188 esto
1476 4121 1642 4209 appellare

217 4224 355 4290 rectoris
377 4225 603 4310 cognitionem.

304 4374 358 4439 Ad
379 4374 493 4439 decani
517 4377 613 4439 etiam
634 4375 731 4439 tidem
753 4376 907 4461 pertinet,
936 4384 971 4438 nt
1000 4372 1079 4438 nihil
1110 4384 1198 4437 curet
1228 4372 1432 4437 referendum
1462 4375 1493 4436 in
1522 4372 1684 4439 libruinto

218 4472 397 4560 publicum,
425 4475 488 4538 nisi
510 4476 778 4539 communicatum
802 4496 874 4538 cum
897 4472 1077 4537 senioribus
1103 4483 1134 4536 et
1155 4471 1197 4537 ab
1219 4471 1268 4536 his
1292 4471 1517 4559 approbatum,
1547 4485 1580 4536 ut
1603 4472 1643 4537 de

219 4575 379 4638 sentenn'a
401 4596 511 4638 eorum
532 4582 739 4637 monumenta
760 4572 892 4658 publica
913 4573 1135 4637 conficiantur.
1462 4571 1475 4595 ⁰

422 4908 661 4958 RECITANDA
683 4908 754 4974 118,
777 4908 847 4968 QUI
867 4905 1097 4955 BACULARH
1119 4906 1232 4954 FIERI
1254 4908 1446 4956 CUPIENT.

307 5042 353 5129 [S.
376 5041 427 5128 281
456 5043 520 5124 „Et
543 5043 713 5128 petitiones
736 5054 766 5106 et
787 5041 998 5105 admissiones
1020 5062 1146 5121 eorum,
1176 5041 1230 5126 qui
1257 5039 1449 5104 testimoniis
1479 5053 1508 5104 et
1542 5042 1642 5105 titulis

220 5146 335 5210 ornari
367 5154 537 5232 cuperent,
571 5152 700 5207 nostrae
731 5139 951 5206 communitati
982 5160 1110 5226 semper
1137 5137 1284 5226 diligenti
1313 5160 1411 5204 curae
1439 5139 1581 5223 suerunt,
1611 5151 1688 5206 utto
