3756 6158
736 482 786 533 Dio
804 483 923 534 statuteu
940 498 1002 534 vom
1019 483 1103 534 Jahrc
1125 486 1189 532 1⁴10

397 673 425 734 3.
456 683 504 731 nr
525 682 778 731 enumeremus
801 682 1008 732 sonoriores
1031 680 1202 730 necronrs
1223 681 1269 728 nr
1290 679 1527 729 nrrnmcrorrn.

338 799 442 863 Facta
469 798 624 863 electione
652 799 786 864 rectoris
814 821 895 863 unus
925 798 965 862 de
992 796 1185 862 electoribus
1208 796 1364 883 quinque,
1393 797 1427 859 in
1449 817 1544 884 quem
1565 818 1675 862 omncs

256 897 526 965 concordaverint
545 895 598 962 vel
618 898 722 963 maior
743 919 822 983 pars
844 896 967 979 saltem,
989 895 1170 961 nominabit
1191 893 1328 960 electum
1349 904 1381 959 et
1401 893 1581 981 publicabit
1600 917 1672 961 eum

255 999 468 1062 universitati.
511 997 555 1061 Et
576 998 604 1060 si
626 996 745 1061 electus
767 997 802 1060 in
823 997 1080 1082 congregacione
1099 1017 1164 1060 non
1185 994 1289 1076 fuerit,
1313 994 1354 1059 ab
1368 993 1563 1059 electoribus
1581 1016 1676 1083 quae-

227 1106 347 1162 5ratur
367 1105 400 1161 et
420 1094 535 1161 electio
556 1095 597 1160 de
619 1117 654 1160 se
674 1096 763 1159 facta
785 1094 847 1159 sibi
868 1096 1070 1182 exprimatur
1091 1104 1123 1159 et
1144 1114 1318 1158 consensus
1340 1092 1444 1179 ipsius
1468 1093 1608 1182 desuper
1625 1116 1673 1159 re

256 1197 411 1284 quiratur.
439 1194 571 1260 Electus
582 1205 699 1277 autem,
714 1194 801 1258 facta
816 1194 879 1259 sibi
889 1193 947 1259 tali
957 1195 1175 1276 iutimacione‚
1189 1215 1253 1259 non
1265 1192 1436 1258 excusabit
1447 1215 1482 1258 se
1498 1192 1558 1259 sub
1573 1216 1678 1281 poena

254 1297 351 1361 trium
373 1290 452 1382 [lb]
475 1286 659 1359 marcarum
679 1295 753 1380 puri
779 1295 915 1379 argenti.
956 1292 1087 1360 Electus
1109 1295 1227 1368 eciam,
1255 1293 1319 1356 nisi
1339 1293 1431 1378 prius
1452 1293 1551 1357 fuerit
1570 1303 1677 1358 rector

256 1419 314 1460 suo
344 1395 473 1460 nomine
495 1403 573 1468 (non
602 1392 643 1457 ab
674 1392 737 1458 olio
765 1392 988 1476 substitutus),
1017 1393 1228 1458 renuncciare
1256 1414 1321 1457 non
1343 1392 1447 1479 possit
1465 1391 1616 1458 electioni
1637 1392 1677 1458 de

256 1517 290 1559 se
310 1494 431 1575 sactae,
460 1494 562 1559 eciam
589 1492 707 1558 nullius
736 1490 901 1579 privilegii
922 1491 974 1557 vel
995 1493 1206 1557 immunitatis
1227 1501 1416 1578 praetextu,
1447 1490 1505 1556 sed
1526 1503 1602 1557 ante
1623 1514 1674 1557 oc·

216 1603 367 1659 socerum
395 1589 473 1657 solis
500 1591 662 1658 tenebitur
692 1602 863 1679 acceptare
888 1590 948 1657 sub
970 1613 1076 1679 poena
1093 1592 1313 1677 praescripta,
1344 1592 1408 1656 nisi
1427 1592 1511 1655 forte
1531 1591 1680 1657 raciona-

257 1693 354 1758 bilem
381 1691 628 1756 excusacionem
658 1689 789 1756 habeat:
823 1712 907 1779 quae
937 1691 965 1755 si
996 1712 1055 1777 per
1082 1698 1241 1756 rectorem
1267 1691 1434 1775 antiquum
1460 1711 1534 1756 cum
1561 1692 1677 1757 maiori

256 1803 350 1880 parte
379 1789 639 1856 consiliariorum
664 1792 762 1855 suerit
790 1791 989 1876 approbata,
1017 1799 1095 1855 tunc
1120 1810 1230 1854 coram
1251 1788 1332 1874 ipsis
1356 1787 1476 1854 electus
1496 1788 1538 1855 de
1559 1810 1679 1857 causae

255 1893 393 1957 veritate
413 1892 522 1954 iurare
543 1899 698 1953 teneatur.
740 1887 835 1970 Quod
857 1891 884 1953 si
905 1911 971 1954 non
990 1890 1119 1972 fecerit,
1140 1890 1183 1954 sit
1202 1897 1359 1975 perpetuo
1381 1889 1529 1975 privatus
1550 1891 1679 1957 univer-

259 1992 365 2056 sitatis
393 1988 527 2054 comodo
557 1997 589 2052 ct
615 1989 753 2071 bonore,
780 2010 840 2053 nec
866 1989 992 2054 restitui
1018 1990 1138 2076 possit,
1166 1988 1230 2052 nisi
1251 1986 1371 2052 dictam
1393 2009 1533 2075 poenam
1555 1988 1678 2076 persol-

219 2101 249 2155 15
258 2100 330 2173 vat,
351 2109 448 2176 quarn
469 2095 601 2152 nostrae
621 2087 825 2153 universitati
846 2088 994 2153 volumus
1017 2076 1188 2174 applicari.

339 2187 385 2252 Et
413 2185 500 2251 idem
529 2185 773 2273 intelligendum
801 2196 850 2251 est
879 2187 918 2253 de
948 2185 1062 2252 eodem
1082 2186 1135 2251 vel
1157 2187 1236 2271 alio,
1263 2187 1318 2273 qui
1339 2189 1412 2273 ipso
1436 2186 1490 2252 die
1510 2185 1679 2254 electionis

256 2288 308 2354 vel
335 2307 525 2373 quocunque
549 2285 613 2351 alio
642 2287 789 2374 sequenti
809 2287 1009 2352 recusaverit
1028 2296 1208 2351 rectoratus
1228 2285 1370 2351 officium
1392 2296 1572 2372 acceptare.
1617 2286 1677 2353 Re·

257 2388 427 2453 cusacione
449 2393 557 2450 autem
579 2386 683 2469 laeta,
709 2394 816 2450 rector
843 2386 993 2474 antiquus
1014 2386 1261 2450 universitatem
1281 2385 1381 2449 faciat
1401 2388 1598 2473 congregari
1620 2409 1680 2474 pro

257 2486 322 2553 alio
343 2494 469 2555 rectore
491 2484 650 2573 eligendo.
1564 2484 1569 2489 ’

215 2682 249 2737 20
427 2676 459 2735 4.
487 2686 535 2734 ne
558 2684 903 2735 nnconunrvnscrosn
924 2685 970 2733 rr
992 2686 1103 2735 unam
1124 2686 1191 2735 suu
1213 2682 1507 2733 rnansaursrrms.
1560 2676 1563 2681 '

338 2818 456 2883 Rector
488 2816 608 2882 electus
646 2826 818 2905 postquam
853 2820 1073 2904 acceptaverit
1107 2819 1144 2883 of
1152 2814 1182 2903 [5
1191 2814 1216 2904 ⁸]
1224 2816 1334 2881 ficium
1363 2815 1557 2903 rectoratus,
1597 2819 1682 2885 infra

259 2917 442 3005 quindecim
468 2916 539 2981 dies
567 2918 717 3002 proxime
747 2925 915 3005 sequentes
940 2915 1048 3004 aliquo
1075 2917 1129 2985 die
1148 2917 1272 2982 festivo
1298 2938 1333 2981 se
1354 2916 1454 2982 saciat
1475 2919 1683 2985 universitati

258 3016 529 3096 recommendari,
557 3025 589 3080 et
608 3025 684 3080 tunc
706 3016 854 3081 tradatur
876 3015 938 3083 sibi
960 3039 1019 3103 per
1041 3027 1198 3082 rectorem
1222 3018 1389 3103 antiquum
1413 3016 1557 3103 sigillum
1577 3029 1682 3085 recto-

259 3127 349 3181 ratus
378 3128 450 3180 cum
476 3116 606 3180 statutis
628 3117 868 3201 universitatis,
906 3115 1016 3203 ibique
1046 3117 1146 3181 faciat
1173 3127 1281 3181 rector
1308 3114 1437 3203 publice
1462 3118 1679 3185 iuramentum

217 3216 480 3297 ltuniversitati,
511 3214 597 3301 qnod
622 3213 663 3279 de
688 3217 828 3302 receptis
856 3215 1001 3304 pecuniis
1033 3217 1213 3302 ceterisque
1241 3215 1352 3300 rebus,
1390 3237 1472 3301 quae
1498 3226 1681 3285 rectoratus

262 3324 456 3379 concernunt
478 3314 634 3395 officium,
662 3315 763 3379 faciat
793 3315 980 3380 fidelitatem
1009 3335 1100 3379 suam
1119 3315 1154 3395 in
1176 3314 1324 3381 omnibus
1346 3314 1521 3399 secundum
1542 3315 1680 3385 formam

258 3414 392 3479 inferius
414 3421 602 3478 annotatam
623 3414 657 3478 in
678 3413 809 3479 rubrica
828 3414 902 3499 „Ad
923 3413 1001 3502 quid
1021 3423 1169 3480 teneatur
1188 3425 1296 3481 rector
1315 3416 1552 3481 universitati.“

651 3604 681 3663 5.
713 3615 761 3662 ΒΕ
784 3614 985 3664 ΙΰΒΔΜΕΝΤΟ
1007 3614 1093 3663 NOVI
1112 3614 1291 3664 Rsscronm.

341 3744 559 3812 Iuramentum
579 3748 655 3812 novi
677 3746 828 3831 rectoris,
850 3744 978 3834 quando
1000 3746 1280 3813 recommendatus
1302 3756 1368 3812 est:

218 3857 252 3914 30
341 3845 473 3929 „Primo
495 3846 660 3928 iurahifir,
685 3844 772 3932 quod
794 3847 865 3911 sitis
885 3843 1065 3913 membrum
1086 3848 1305 3912 universitatis
1327 3849 1420 3912 istius
1441 3858 1474 3913 et
1495 3849 1584 3936 quod
1604 3851 1676 3917 sitis

261 3946 413 4028 clericus,
444 3968 509 4011 non
535 3947 741 4032 coniugatus,
769 3967 829 4010 nec
855 3944 1036 4031 professus,
1065 3956 1097 4011 et
1125 3946 1212 4033 quod
1241 3970 1302 4034 pro
1330 3968 1426 4036 posse
1457 3949 1678 4035 procurabitis

263 4068 346 4132 quae
367 4046 530 4133 pertinent
551 4044 593 4110 ad
613 4044 732 4111 bonum
754 4053 872 4111 statum
892 4043 990 4110 studii
1013 4053 1045 4108 et
1067 4047 1305 4130 universitatis,
1334 4049 1381 4111 ita
1401 4056 1509 4112 tamen
1530 4049 1621 4134 quod
1641 4070 1681 4117 ox

168 4180 172 4189 =
262 4145 327 4210 levi
355 4145 560 4231 ignorancia,
588 4166 670 4232 quae
697 4166 760 4208 non
788 4144 830 4209 sit
856 4167 897 4209 ex
922 4144 1067 4228 malicia,
1095 4147 1272 4232 periurium
1292 4169 1358 4212 nou
1379 4147 1562 4214 incurratis
1605 4149 1685 4216 Item

264 4243 415 4310 iurabitis
442 4252 564 4309 statuta
592 4244 680 4309 facta
707 4253 739 4308 et
763 4242 938 4325 facienda,'
957 4267 1040 4331 quae
1072 4267 1130 4331 per
1157 4247 1402 4313 rmiversitatem
1430 4257 1504 4312 sunt
1531 4258 1563 4313 et
1594 4259 1688 4315 erunt

222 4342 462 4432 35appr0bata,
489 4343 625 4409 firmiter
654 4342 830 4409 observare
858 4352 889 4407 et
914 4343 1021 4409 facere
1047 4343 1090 4411 ab
1117 4345 1265 4413 omnibus
1293 4346 1463 4412 observari
1494 4342 1561 4434 [bl]
1591 4358 1624 4414 ot
1649 4368 1689 4413 es

265 4452 475 4509 manutenere
495 4451 527 4507 et
549 4441 725 4509 defensare
765 4442 848 4508 Item
869 4441 1029 4527 iurabitis,
1051 4443 1138 4530 quod
1159 4443 1281 4511 nullum
1302 4444 1487 4512 inscribetis
1515 4446 1559 4511 ad
1577 4448 1690 4513 matri·

266 4542 372 4607 culam
393 4543 632 4626 univcrsitatis,
657 4543 720 4608 nisi
742 4544 833 4630 prius
852 4541 1028 4613 sectmdum
1048 4554 1202 4611 statutum
1223 4545 1444 4613 universatis
1467 4545 1582 4613 fecerit
1603 4548 1689 4614 iura·

265 4651 417 4708 mentum.
466 4642 546 4709 Item
574 4642 736 4725 iurabitia,
768 4640 855 4730 quod
882 4665 984 4730 usque
1011 4642 1054 4709 ad
1081 4644 1178 4709 finem
1205 4647 1306 4712 vestri
1334 4646 1503 4732 regiminis
1531 4649 1690 4734 pecunias

266 4742 499 4824 universitatis,
525 4743 553 4806 si
573 4764 655 4827 quae
677 4741 719 4806 ad
742 4752 867 4807 vestras
888 4764 1002 4807 manus
1024 4746 1240 4829 pervenerint,
1261 4744 1400 4810 fideliter
1420 4768 1480 4833 pro
1493 4747 1690 4817 universio·

225 4843 308 4906 totis
337 4840 478 4905 utilitate
506 4839 736 4926 dispensabitis
762 4849 795 4904 et
820 4839 1002 4923 residuum,
1029 4842 1154 4928 siquid
1176 4844 1290 4926 fuerit,
1319 4846 1564 4912 conservabitis.
1605 4846 1687 4913 Item

269 4939 431 5021 irretitis,
454 4938 538 5025 quod
560 4950 635 5026 post
654 4940 749 5003 finem
770 4941 871 5005 vestri
891 4940 1058 5024 regiminis
1080 4964 1139 5028 per
1160 4964 1302 5009 mensem
1323 4946 1485 5030 integrum
1505 4946 1539 5011 in
1559 4946 1688 5035 Liponk

272 5037 480 5104 remanebitis
502 5048 533 5102 et
554 5040 639 5126 quod
660 5039 767 5103 velitis
789 5048 875 5104 stare
896 5040 969 5122 iuri,
996 5041 1025 5105 si
1044 5051 1157 5107 contra
1178 5065 1239 5109 vos
1261 5043 1383 5132 aliquid
1405 5043 1568 5110 obiectum
1582 5046 1688 5131 suerit,

274 5150 305 5207 et
334 5158 435 5223 super
462 5139 575 5223 poenis
604 5136 766 5205 solvendis
792 5147 900 5205 vestro
922 5137 1029 5205 velitis
1052 5140 1184 5206 obedire
1203 5145 1393 5210 successori.
1433 5142 1471 5209 Si
1497 5155 1608 5215 autem
1630 5166 1690 5215 vot
