3756 6158
246 427 304 492 184
789 428 845 477 Das
863 439 957 491 grosse
980 424 1085 490 colleg.

244 629 381 690 marum,
412 607 454 672 ad
482 630 617 696 quarum
639 609 816 698 quamlibet
838 607 976 697 quilibet
998 607 1189 694 collegiatus
1209 610 1343 675 maioris
1365 608 1493 697 collegii
1514 632 1669 698 praesens

243 718 372 772 tenetur
398 708 514 773 offerre
542 718 574 774 et
601 711 636 774 in
667 709 780 775 eadem
812 710 1010 796 septimana,
1042 709 1070 773 si
1102 719 1151 774 est
1184 709 1366 796 presbyter,
1400 708 1510 775 dicere
1538 711 1670 776 mnsam

245 809 436 889 animarum,
460 809 487 873 si
509 819 642 873 nonest
663 808 845 896 presbyter,
860 807 990 894 vigilias
1011 829 1126 874 novem
1148 807 1321 875 lectionum
1337 832 1397 896 pro
1414 808 1538 875 eisdem
1558 809 1671 875 funda-

243 904 369 973 toribus
391 916 423 972 et
443 905 713 975 benefactoribus.
751 909 833 975 Post
859 915 997 974 mortem
1016 928 1093 973 vero
1115 908 1264 994 magistri
1285 908 1451 996 Henningi
1470 909 1504 973 in
1527 907 1672 997 qualibet

201 1017 218 1072 5
246 1005 374 1071 illarum
402 1008 614 1095 exequiarum
643 1032 709 1074 una
738 1017 857 1097 quarta
887 1029 1002 1073 census
1019 1005 1175 1073 eiusdem
1204 1006 1324 1072 bursae
1348 1009 1454 1073 tocius
1482 1010 1562 1074 anni
1588 1010 1672 1074 inter

244 1106 432 1192 collegiatos
454 1108 588 1172 maioris
618 1106 746 1193 collegii
774 1107 855 1175 inibi
882 1114 1078 1194 praesentes,
1107 1107 1224 1199 missas
1252 1108 1433 1172 animarum
1457 1107 1510 1174 vel
1540 1106 1671 1195 vigona

244 1206 398 1289 dicentes,
419 1205 595 1292 aequaliter
617 1206 790 1272 dividatur.

328 1304 490 1371 Statutum
511 1316 544 1371 et
564 1306 749 1373 conclusum
769 1314 819 1371 est
832 1305 874 1371 de
885 1327 1044 1377 consensu
1056 1303 1100 1369 M.
1112 1303 1278 1391 Henningi
1298 1304 1338 1370 de
1351 1303 1568 1390 Hildesheim,
1587 1306 1672 1393 quod

245 1415 378 1494 propter
399 1404 590 1491 ampliorem
611 1405 741 1472 laudem
763 1405 993 1492 omnipotentis
1006 1403 1069 1487 dei,
1089 1402 1321 1470 liberacionem
1331 1404 1521 1471 celeriorem
1533 1404 1671 1490 illorum,

206 1517 237 1572 10
245 1528 306 1592 pro
335 1504 450 1590 quibus
478 1504 662 1571 huiusmodi
694 1506 852 1594 exequiae
881 1504 977 1586 fiunt,
1010 1512 1042 1569 et
1071 1502 1246 1569 earundem
1279 1504 1487 1590 exequiarum
1515 1506 1672 1572 maiorem

242 1604 444 1669 honestatem
473 1603 605 1669 cuilibet
631 1605 801 1695 collegiata
824 1603 951 1691 collegii
976 1604 1111 1669 minoris
1134 1612 1166 1669 et
1186 1601 1318 1668 cuilibet
1344 1601 1516 1691 collegiato
1544 1602 1672 1693 collegii

244 1703 359 1768 beatae
379 1703 527 1790 virginis,
549 1705 692 1770 venienti
720 1704 765 1770 ad
788 1703 921 1771 chanun
941 1704 1130 1769 monasterii
1158 1703 1263 1769 sancti
1280 1700 1376 1768 Pauli
1398 1703 1432 1768 in
1453 1702 1578 1791 vigiliis
1604 1704 1672 1771 fun·

246 1803 396 1869 datorum
425 1804 648 1870 universitatis
682 1813 714 1870 et
745 1804 987 1870 benefactorum
1015 1801 1145 1889 collegii
1176 1802 1309 1868 maioris
1338 1810 1413 1868 ante
1443 1802 1543 1871 finem
1575 1806 1673 1892 primi

245 1904 393 1970 nocturni
414 1912 447 1967 et
465 1905 610 1969 manenti
629 1905 663 1969 in
683 1904 798 1970 eodem
819 1903 917 1973 choro
940 1901 1089 1968 adminus
1116 1924 1219 1987 usque
1246 1900 1289 1966 ad
1314 1901 1437 1985 laudes,
1465 1912 1499 1969 et
1525 1903 1672 1970 similiter

207 2013 236 2068 15
245 2004 387 2067 venienti
409 2002 451 2067 ad
472 2002 656 2090 praefatum
678 2004 810 2069 chorum
839 2005 873 2069 in
893 2005 995 2068 missa
1019 2001 1194 2088 principali
1222 2003 1403 2067 animarum
1430 2002 1672 2089 praedictorum

244 2101 450 2173 fundatorum
479 2114 511 2167 et
538 2102 780 2170 benefactorum
809 2113 885 2169 ante
912 2101 1085 2188 epistolam
1112 2111 1144 2166 et
1176 2102 1319 2166 manenti
1349 2100 1471 2167 ibidem
1498 2124 1604 2189 usque
1631 2101 1671 2168 ad

247 2201 414 2266 silencium
436 2201 581 2290 (dempto
612 2216 729 2286 tamen,
758 2204 846 2291 quod
869 2226 929 2292 pro
951 2202 1115 2268 offertorio
1136 2210 1244 2289 potest
1266 2202 1371 2281 exire)
1393 2212 1426 2267 et
1445 2201 1595 2267 offerenti
1615 2201 1670 2267 ibi·

246 2300 319 2365 dem
349 2299 392 2364 ad
419 2301 483 2365 tria
504 2300 622 2368 altaria
642 2314 675 2368 et
694 2302 815 2369 volenti
841 2303 950 2368 dicere
976 2302 1110 2367 missam
1136 2301 1326 2384 animarum,
1355 2301 1383 2364 si
1413 2310 1462 2368 est
1488 2300 1670 2390 presbyter,

246 2398 298 2465 vel
321 2398 461 2485 vigilias,
487 2403 516 2466 si
536 2424 601 2467 non
625 2413 674 2468 est
694 2400 876 2490 presbyter,
898 2425 959 2490 pro
981 2400 1138 2489 praefatis
1159 2399 1386 2467 fimdatoribus
1407 2410 1440 2466 et
1458 2400 1670 2468 benefactori·

205 2500 309 2567 aobus
332 2500 366 2564 in
386 2498 499 2564 eadem
521 2503 711 2588 septimana,
740 2511 868 2567 tenetur
896 2501 1104 2588 praepositus
1127 2498 1257 2586 collegii
1283 2500 1415 2565 maioris
1445 2510 1523 2588 post
1550 2498 1669 2567 obitum

247 2598 391 2665 eiusdem
412 2601 559 2686 magistri
580 2600 746 2687 Henniagi
772 2599 814 2666 de
835 2599 938 2666 altera
966 2599 1139 2665 medietate
1166 2620 1281 2664 census
1307 2599 1411 2665 tocius
1437 2600 1516 2667 anni
1543 2599 1669 2682 bursae,

246 2721 342 2788 quam
375 2698 542 2784 praefatus
576 2702 731 2786 magister
760 2699 954 2787 Henniugus
984 2698 1119 2784 collegio
1148 2699 1264 2764 maiori
1293 2698 1384 2764 dedit
1411 2708 1443 2764 et
1471 2697 1613 2787 legavit,
1638 2700 1669 2764 in

245 2796 442 2884 quibuslibet
469 2798 588 2864 talibus
608 2800 755 2886 exequiis
784 2799 864 2865 dare
889 2823 913 2864 x
937 2821 985 2885 gr.
1016 2798 1178 2886 antiquos.
1221 2797 1257 2863 Si
1285 2818 1363 2864 vero
1385 2798 1555 2885 praedicto
1577 2797 1668 2865 modo

245 2920 305 2963 uec
333 2896 376 2962 ad
403 2896 532 2984 vigilias
554 2921 614 2963 nec
640 2898 682 2963 ad
710 2901 842 2964 miserm
864 2900 998 2980 venerit,
1025 2896 1125 2963 nichil
1150 2896 1292 2963 habebit.
1335 2897 1372 2962 Si
1399 2921 1477 2965 vero
1504 2898 1668 2988 praedicto

205 2996 342 3064 25modo
364 2998 489 3062 venerit
509 3007 634 3064 tantum
663 2998 706 3064 ad
725 2998 855 3085 vigilias
879 2997 930 3063 vel
961 3006 1086 3063 tautum
1114 2996 1156 3062 ad
1185 2998 1329 3080 missam,
1356 2996 1491 3064 habebit
1518 2997 1667 3064 medieta-

246 3109 320 3162 tem.
351 3096 395 3161 Et
416 3099 464 3163 sio
485 3098 642 3163 conformi
664 3099 760 3164 modo
782 3087 945 3184 collegiati
967 3094 1097 3182 collegii
1115 3097 1249 3161 maioris
1270 3106 1336 3162 tam
1359 3096 1401 3162 ad
1421 3096 1553 3184 vigilias
1577 3121 1668 3187 quam

246 3195 289 3262 ad
317 3197 450 3261 missam
478 3197 521 3261 ad
547 3198 748 3284 praedictum
780 3198 915 3264 chorum
943 3194 1061 3261 debent
1089 3196 1211 3279 venire,
1240 3195 1300 3261 sub
1330 3196 1491 3263 consimili
1522 3198 1668 3264 carencia

248 3296 411 3383 porcionis
438 3319 525 3379 suae,
553 3298 588 3362 in
613 3300 682 3363 vita
709 3321 787 3364 vero
815 3297 858 3363 M.
886 3296 1052 3382 Heuningi
1078 3294 1215 3384 quilibet
1246 3295 1435 3382 collegiatus
1465 3295 1507 3362 de
1535 3296 1668 3385 collegio

246 3396 362 3460 maiori
383 3417 560 3482 praesens„
573 3395 716 3484 legitime
737 3420 802 3462 nou
823 3395 1008 3483 impeditus,
1029 3405 1078 3460 ter
1093 3393 1262 3482 praedicto
1276 3394 1372 3461 modo
1385 3395 1499 3461 tamin
1512 3394 1667 3463 veniendo

204 3504 344 3582 30quam
364 3494 524 3561 manendo
547 3497 581 3561 in
603 3495 764 3562 antedicto
786 3495 886 3563 choro
907 3497 940 3561 iu
963 3494 1138 3591 praedietis
1162 3495 1308 3582 exequiis
1330 3516 1365 3559 se
1385 3495 1592 3562 conformare
1612 3495 1667 3562 sub

246 3617 351 3680 poena
373 3596 466 3659 unius
488 3597 606 3681 grossi,
633 3619 727 3683 quem
749 3595 842 3662 dabit
861 3596 1027 3682 magistris
1049 3618 1109 3683 pro
1132 3592 1407 3660 consolationem
1426 3616 1552 3661 mensa
1591 3597 1667 3663 Item

246 3695 451 3780 praepositus
474 3703 600 3760 tenetur
621 3717 691 3760 cum
713 3695 869 3762 fratribus
891 3695 933 3761 ad
958 3705 1103 3761 sanctum
1121 3693 1259 3759 Paulum
1281 3695 1315 3758 in
1337 3692 1584 3783 quibuscunque
1602 3694 1666 3762 tali-

246 3792 308 3857 bus
329 3793 474 3880 exequiis
498 3793 674 3860 decadem
697 3795 801 3861 altera
824 3794 996 3861 medietate
1018 3816 1134 3860 census
1157 3792 1236 3858 darc
1256 3792 1398 3858 medium
1418 3791 1536 3860 floreni
1555 3804 1590 3861 et
1608 3795 1665 3861 dia·

248 3913 367 3979 ponere
389 3892 541 3958 candelas
564 3895 652 3959 circa
676 3893 823 3960 tumbam
843 3897 877 3960 in
898 3893 1021 3980 vigiliis
1051 3904 1083 3958 et
1104 3894 1206 3958 missa
1227 3902 1259 3958 et
1287 3888 1420 3958 cuilibet
1446 3895 1608 3981 magistro
1627 3892 1666 3961 ad

206 3990 445 4058 35antedietum
475 3992 608 4059 chorum
637 3995 779 4058 venienti
807 3992 885 4059 dare
913 3991 1082 4058 candelam
1110 4014 1169 4079 pro
1197 3991 1374 4074 oblacione,
1401 3991 1568 4060 residuam
1595 4016 1665 4060 vero

248 4100 373 4178 partem
394 4090 538 4156 eiusdem
560 4093 720 4159 secundae
741 4093 923 4159 medietatis
944 4114 1059 4158 census
1072 4091 1191 4157 bursae
1210 4101 1336 4156 tenetur
1355 4088 1443 4155 idem
1463 4094 1665 4180 praepositus

246 4213 307 4279 pro
327 4191 578 4257 conservacione
599 4193 717 4259 bursae
737 4192 875 4259 fideliter
890 4191 1089 4279 dispensare
1108 4200 1141 4256 et
1160 4191 1194 4255 in
1215 4190 1338 4258 nullum
1359 4189 1458 4256 alium
1479 4213 1577 4258 usum
1596 4214 1663 4258 cou-

248 4301 383 4372 vertere,
414 4289 472 4355 sub
493 4312 600 4378 poena
621 4293 765 4379 periurii.
804 4294 886 4359 Item
910 4300 1038 4356 tenetur
1066 4292 1168 4355 eciam
1195 4291 1400 4376 praepositus
1423 4288 1552 4377 collegii
1579 4313 1665 4379 prae·

248 4390 352 4456 dictas
383 4391 536 4474 exequias
562 4390 706 4479 collegiis
733 4393 892 4457 intimare.
932 4389 1042 4456 Debet
1067 4390 1164 4456 etiam
1191 4388 1304 4454 eadem
1333 4388 1433 4455 bursa
1461 4388 1506 4457 ad
1535 4389 1665 4457 eundem

206 4503 330 4578 tomag.
351 4489 559 4576 Henuingum
579 4491 681 4558 libere
700 4493 831 4574 reverti,
858 4493 886 4557 si
912 4492 946 4556 in
966 4493 1036 4555 vita
1060 4512 1120 4555 sua
1140 4489 1336 4555 universitas
1356 4487 1543 4576 Lypzensis
1566 4511 1664 4556 cessa

246 4591 293 4657 bit
312 4589 366 4656 vel
387 4588 594 4656 dissolvatur.
1627 4636 1630 4641 -

328 4690 410 4754 Item
431 4699 586 4755 statutum
607 4691 667 4757 fuit
687 4701 763 4756 tunc
785 4699 816 4755 ot
834 4689 1029 4772 conclusum,
1052 4686 1139 4776 quod
1162 4687 1342 4774 quicunque
1363 4685 1405 4752 de
1425 4686 1563 4775 collegio
1578 4710 1664 4777 prae·

245 4792 345 4855 fatam
366 4789 607 4856 ordinacionem
636 4793 847 4879 exequiarum
874 4789 1068 4876 impedierit,
1096 4787 1274 4874 periurium
1302 4789 1449 4853 incurrat
1474 4789 1548 4875 ipso
1575 4788 1663 4868 10010,

247 4890 322 4954 item
345 4888 431 4974 quod
451 4892 656 4976 praepositus
679 4913 738 4978 pro
760 4902 904 4978 tempore
927 4889 1069 4954 existens
1098 4895 1245 4953 teneatur
1265 4886 1467 4974 praedictam
1489 4886 1662 4953 ordinacio·

94 5027 98 5037 ·
207 4999 321 5053 ionem
348 4990 464 5076 exequi
492 4998 558 5052 tam
580 4990 614 5054 in
635 4991 781 5077 exequiis
811 5012 906 5077 quam
927 4989 960 5052 in
981 4989 1127 5074 pecuniis
1148 4985 1390 5053 distribuendis.
1431 4988 1517 5054 Item
1544 4985 1661 5055 conclu·

248 5110 319 5151 sum
338 5087 399 5151 suit
417 5086 548 5170 ibidem,
576 5089 661 5174 quod
688 5089 900 5173 commodum,
928 5086 1015 5177 quod
1036 5086 1080 5152 M.
1102 5086 1257 5173 Hermiug
1281 5087 1348 5151 iam
1366 5086 1541 5172 moabitae,
1568 5087 1660 5176 possit
