3756 6158
250 491 289 553 38
497 489 581 539 Lehr·
599 490 653 539 und
672 487 854 552 Stundsnplsn
874 488 914 539 fiir
931 490 985 539 alle
1002 490 1156 539 Facultiiten
1176 506 1237 539 vom
1254 491 1337 541 Jahrs
1360 495 1423 540 lats

544 668 710 755 capitulis,
740 691 823 755 quae
853 648 941 735 sunt·
955 670 1044 735 facta
1063 679 1197 757 propter
1220 669 1368 735 diversas
1392 671 1564 757 opiniones
1587 695 1634 739 or·

545 780 596 834 tas
619 770 705 833 inter
728 777 996 834 commentatores
1019 770 1225 854 antiquarum
1248 768 1466 836 decretalium.

765 917 937 983 Lectiones
958 919 1211 1005 pomeridianas.

335 1035 380 1100 In
401 1037 497 1101 iure
519 1035 638 1101 civili
659 1035 756 1100 hora
778 1034 959 1098 secunda
978 1034 1034 1098 fiet
1053 1033 1150 1100 lectio

227 1145 243 1199 5
421 1138 526 1222 primo
547 1158 631 1200 anno
652 1137 687 1198 in
709 1136 816 1221 prima
836 1142 930 1220 parte
950 1134 1137 1200 Inforeiati:
1160 1133 1263 1200 soluto
1284 1132 1509 1218 matrimonio,
1541 1134 1682 1201 deliba

503 1235 549 1298 ris
573 1243 606 1298 et
626 1233 826 1321 posthumis,
849 1232 889 1297 de
912 1233 1042 1319 vulgari
1063 1243 1096 1298 et
1117 1233 1290 1321 pupillari,
1313 1231 1354 1300 de
1375 1233 1585 1319 acquirenda.

421 1333 562 1399 secundo
589 1335 624 1397 in
652 1332 794 1398 secunda
816 1341 909 1419 parte
930 1332 962 1397 ff.
986 1335 1122 1398 veteris:
1153 1332 1194 1397 de
1220 1332 1318 1398 rebus
1346 1332 1495 1415 creditis,
1526 1332 1567 1399 de
1597 1335 1680 1400 iure-

505 1431 658 1514 iurando,
682 1432 722 1497 de
743 1433 777 1496 in
798 1431 889 1496 litem
912 1431 1067 1515 iurando,
1101 1432 1141 1497 de
1169 1431 1373 1497 condictione
1399 1430 1442 1496 ob
1469 1453 1619 1516 cauam,
1639 1431 1680 1498 de

504 1532 708 1598 condictione
729 1529 874 1596 indebiti.

214 1641 245 1696 10
423 1631 519 1696 tertio
540 1631 575 1694 in
595 1630 738 1695 secunda
759 1638 853 1717 parte
873 1631 1057 1697 Inforeiati:
1078 1632 1119 1698 de
1141 1632 1260 1718 legatis
1282 1629 1499 1718 praestandis,
1523 1631 1565 1696 de
1586 1631 1683 1698 rebus

505 1729 631 1812 dubiis,
660 1729 700 1794 de
722 1729 960 1796 conditionibus
987 1740 1019 1795 et
1041 1729 1385 1813 demonstrationibus,
1417 1728 1459 1795 ad
1479 1729 1586 1817 legem
1608 1731 1684 1797 Fal·

505 1828 642 1911 cidiam,
665 1828 708 1892 ad
729 1837 859 1894 senatus
882 1829 1062 1896 consultum
1085 1829 1338 1896 Trebellianum.

423 1931 562 2015 quarto¹
590 1929 631 1994 de
659 1929 794 1994 crimine
826 1928 918 2013 falsi,
948 1928 989 1994 de
1009 1929 1198 1995 excessibus
1226 1926 1463 2017 praelatorum,
1489 1927 1531 1992 de
1552 1929 1685 2016 privile

504 2029 584 2114 giis,
607 2029 647 2093 de
669 2030 877 2116 purgatione;
906 2051 1010 2095 canon
1032 2029 1074 2094 de
1094 2030 1253 2094 sententia
1273 2029 1626 2115 excommunicationis.

215 2138 245 2194 15
339 2128 389 2193 Ita
417 2136 454 2191 ut
482 2127 525 2191 ad
553 2127 807 2214 comparandam
832 2137 892 2192 utr.
912 2130 993 2193 iuris
1015 2131 1183 2195 scientiam
1204 2127 1285 2194 nihil
1311 2127 1408 2216 plane
1430 2128 1543 2194 deesse
1565 2129 1687 2216 poterit

257 2250 297 2293 ac
319 2225 510 2292 desiderari.
553 2226 638 2290 Nam
660 2237 692 2291 et
719 2227 1011 2293 institutiones
1032 2229 1166 2316 singulis
1189 2229 1282 2293 annis
1301 2225 1460 2314 legendae
1482 2236 1516 2292 et
1535 2249 1685 2315 praeser-

255 2327 531 2411 tim²quartus
565 2325 853 2392 decretalium.
897 2326 980 2392 Tres
1000 2327 1180 2394 libriOet
1201 2350 1299 2392 usus
1330 2324 1541 2392 feudorum
1566 2350 1682 2393 omna

257 2423 446 2492 doctoribus
466 2432 533 2488 tum
555 2447 575 2490 a
594 2425 768 2492 licentiatis
791 2435 823 2489 et
844 2425 1039 2492 bacculariis
1062 2427 1198 2494 subinde
1220 2427 1367 2492 enarrari
1390 2423 1505 2490 solent.

339 2525 588 2612 Disputationes
615 2524 775 2590 habentur
803 2523 957 2613 deinceps
979 2525 1115 2613 singulis
1136 2526 1220 2592 forte
1241 2525 1406 2592 mensibus
1429 2533 1461 2588 et
1481 2525 1516 2589 in
1536 2525 1686 2607 materia,

215 2635 343 2713 wquae
363 2625 396 2688 in
416 2623 555 2689 lectione
570 2625 768 2689 examussim
795 2633 845 2688 est
871 2625 1046 2708 ventilata,
1074 2648 1137 2713 quo
1168 2625 1354 2692 scholastici
1375 2623 1516 2690 studiosi
1539 2645 1574 2689 se
1595 2646 1686 2689 exer·

258 2747 332 2790 cere
352 2732 503 2811 poterunt
524 2723 720 2790 felicissime.
1346 2730 1349 2737 ’

800 2890 979 2941 FACULTAS
1000 2891 1142 2942 ommes.

342 2989 438 3070 Quod
463 2992 667 3057 necessarius
700 2994 744 3057 sit
768 2992 800 3056 in
826 2989 908 3056 urbe
936 2993 1059 3077 peritus
1080 2990 1240 3072 medicus,
1268 3012 1310 3055 ex
1331 2989 1394 3054 hoo
1415 2991 1576 3055 coniicere
1596 2989 1684 3072 licet,

259 3089 347 3177 quod
367 3089 535 3176 Augustus
557 3091 695 3174 Caesar,
718 3091 881 3156 eaeteris³
902 3092 1018 3155 artium
1040 3088 1227 3156 doctoribus
1249 3088 1411 3177 expulsis,
1433 3088 1520 3154 solos
1541 3088 1686 3155 medicos

217 3191 341 3258 25urbe
369 3189 524 3273 detinuit,
558 3191 628 3255 sine
663 3190 779 3277 quibus
806 3213 866 3256 nec
891 3189 1076 3277 respublica
1102 3213 1162 3254 neo
1192 3189 1259 3254 ulla
1284 3189 1449 3255 hominum
1474 3197 1566 3255 aetas
1592 3188 1685 3254 salva

260 3312 331 3357 esso
352 3298 468 3378 potest.
514 3288 670 3354 Scilicet⁴
690 3289 736 3355 hii
758 3290 884 3355 civibus
907 3291 1092 3372 sanitatem,
1122 3312 1187 3374 qua
1208 3288 1289 3353 nihil
1311 3296 1360 3352 est
1381 3288 1621 3374 praestantius,
1655 3296 1688 3352 et

261 3392 361 3458 animi
382 3391 529 3474 vigorem
550 3389 593 3454 ad
616 3412 710 3454 saera
731 3388 931 3475 reipublicae
953 3389 1061 3455 officia
1090 3387 1240 3454 obeunda
1257 3389 1450 3468 restituunt,
1479 3389 1548 3452 sine
1568 3385 1686 3473 quibus

261 3489 383 3573 morbi,
418 3487 682 3553 huculentissimi
717 3510 890 3574 corporum
914 3489 1039 3571 hostes,
1075 3490 1162 3554 cives
1199 3496 1413 3573 prosternunt
1464 3485 1615 3573 Quippe,
1652 3497 1688 3552 ut

259 3592 364 3658 bonus
386 3592 564 3675 imperator
586 3589 674 3653 cives
696 3588 737 3653 ab
758 3586 905 3652 hostibus
928 3589 1025 3674 eripit
1051 3598 1083 3652 et
1103 3587 1311 3652 insidiatores
1333 3585 1446 3672 abigit,
1468 3587 1516 3650 ita
1536 3583 1682 3650 medicus

221 3701 287 3757 30a
306 3688 406 3754 multo
429 3688 645 3753 atrocioribus
666 3688 826 3752 humanae
854 3688 1003 3752 sanitatis
1034 3687 1181 3752 hostibus
1210 3688 1298 3751 cives
1330 3684 1449 3749 liberat
1476 3706 1596 3768 eosque
1623 3686 1689 3750 iam

261 3788 466 3854 semianimes
487 3809 529 3852 ex
551 3787 698 3852 Plutonis
719 3784 867 3851 faucibus
889 3789 995 3875 eripit.
1037 3786 1142 3871 Adde,
1165 3785 1252 3873 quod
1273 3794 1426 3850 ettotam
1446 3781 1584 3849 Illiriam
1600 3783 1684 3872 Hip-

261 3896 411 3975 pocrates
433 3885 577 3952 medicus
600 3886 729 3972 ignibus
750 3909 770 3950 a
785 3886 1182 3972 pestilitatevindicsrit.⁵
1223 3883 1268 3949 Ut
1288 3893 1434 3949 nostrum
1455 3896 1583 3970 quoque
1596 3907 1690 3971 gym-

260 3987 389 4052 nasium
409 3986 592 4053 huiusmodi
612 3987 758 4051 homines
780 3986 958 4072 proferret,
985 3985 1220 4051 illustrissimus
1242 3985 1394 4072 princeps
1422 4004 1462 4047 ac
1491 3981 1560 4047 dux
1586 3981 1689 4049 Geor·

261 4088 344 4173 gius,
366 4094 402 4149 ut
421 4094 507 4150 totus
530 4085 709 4151 medicinae
730 4106 843 4150 cursus
865 4086 1004 4150 triennio
1026 4087 1168 4173 perfecte
1188 4084 1373 4164 doceretur,
1398 4081 1565 4147 ordinavit
1592 4082 1689 4149 modo

219 4184 461 4271 ³5subscripto:

343 4282 460 4348 Mane
487 4283 587 4347 hora
614 4286 786 4372 septima
807 4285 846 4349 in
873 4274 1027 4370 hyeme,
1054 4284 1095 4347 in
1116 4291 1280 4347 aestate
1302 4303 1398 4347 vero
1419 4290 1540 4346 sexta
1561 4281 1690 4368 legetur

262 4405 375 4449 cursus
396 4381 631 4448 medicinae
652 4382 883 4449 theoricae⁶
904 4384 1107 4470 triennioque
1128 4381 1274 4447 finiatur:

332 4646 419 4704 1Die
444 4644 591 4718 folgenden
613 4645 687 4700 Titel
709 4644 831 4717 gehbren
853 4643 932 4700 nicht
950 4645 1052 4700 insius
1071 4643 1166 4714 civile,
1190 4645 1307 4700 sondem
1330 4643 1359 4698 in
1376 4643 1421 4698 die
1439 4642 1614 4699 Decretalen.
1651 4642 1690 4697 Es

264 4731 372 4788 scheint
387 4730 446 4785 also
462 4730 508 4784 ein
527 4745 630 4803 ganzer
649 4729 800 4784 Absohnitt
817 4728 990 4799 ausgafallen
1007 4746 1042 4783 zu
1061 4729 1128 4784 sein.

328 4821 344 4872 2
359 4815 519 4887 pruesmaa
534 4812 632 4885 Vogel.
786 4816 801 4869 3
819 4821 934 4868 casura.

330 4906 347 4954 4
364 4898 473 4953 Anders
490 4913 603 4967 vermag
620 4896 667 4952 ich
684 4898 796 4970 Vogel’s
812 4897 1007 4969 nachgemalte
1024 4896 1197 4968 Abkiirzung
1214 4894 1292 4950 nicht
1310 4895 1480 4950 aufzulbssn.

332 4981 430 5052 svgl.
448 4981 586 5037 Theriaca
604 4981 639 5035 ad
656 4981 803 5050 Pisonem,
822 4999 883 5052 cap.
904 4987 942 5037 16.

336 5064 408 5119 tSo
430 5065 466 5118 ist
491 5064 677 5134 gasohrieben
720 5065 784 5137 Vgl.
813 5066 962 5120 theoricam
991 5065 1143 5120 medicinae
1171 5065 1317 5120 ordinare
1346 5065 1435 5134 laam
1461 5061 1573 5117 Pansa
1593 5060 1688 5117 Anna-

260 5147 300 5202 les
316 5147 339 5202 1.
359 5152 423 5217 4⁰0,
441 5153 480 5203 49.
519 5149 546 5206 S.
563 5149 637 5205 auch
654 5149 726 5205 oben
746 5154 791 5216 ³¹1,
810 5154 843 5206 29
860 5149 992 5206 theorica.
