3756 6158
245 464 304 534 146
715 461 769 517 Des
786 458 922 518 Iohannes
939 460 1017 517 liebri
1036 469 1070 517 de
1089 462 1203 518 Werdea

243 645 338 712 nobis
359 647 393 710 in
414 645 615 712 habitatione
635 657 749 712 nostra
770 670 791 712 a
811 649 917 714 iurato
939 649 1160 714 universitatis
1188 657 1320 714 nostrae
1345 648 1474 712 notario
1501 645 1562 713 sub
1590 646 1674 711 iura·

242 755 349 811 mento
371 745 585 832 corporaliter
611 748 769 833 praestito
800 749 935 812 seorsim
966 748 1124 836 requisiti,
1152 758 1188 812 nt
1216 747 1386 812 veritatem
1414 744 1540 834 absque
1570 747 1675 810 cuius·

243 866 340 929 quarn
369 845 478 930 gratia
498 844 652 926 dicerent,
682 844 887 911 concorditer
910 847 1019 912 testati
1046 857 1130 927 sunt,
1161 844 1364 932 praedictum
1386 844 1544 910 Ioannem
1567 843 1676 908 Maru·

243 942 332 1008 holth
355 947 505 1008 continuo
527 945 665 1008 triennio
688 941 741 1007 hic
764 945 798 1006 in
819 946 1033 1010 universitate
1054 954 1167 1009 nostra
1193 966 1322 1031 semper
1342 944 1444 1009 fuisse
1467 953 1500 1007 et
1521 965 1588 1009 non
1609 951 1676 1007 tan·

218 1053 311 1107 otum
338 1041 441 1107 literis
468 1041 561 1107 bonis
591 1052 755 1107 strenuam
784 1043 983 1130 impendisse
1011 1065 1145 1130 operam
1152 1091 1161 1126 ,
1189 1042 1246 1107 sed
1277 1044 1373 1107 etiam
1400 1043 1447 1109 ita
1475 1043 1614 1125 vixisse,
1643 1049 1678 1105 ut

243 1141 322 1207 nihil
343 1163 484 1229 unquam
506 1141 668 1206 inhonesti
687 1143 722 1207 in
743 1141 798 1207 illo
821 1141 1103 1229 deprehenderint
1127 1137 1212 1228 [lbi]
1238 1141 1353 1227 Itaque
1374 1164 1434 1208 nos
1455 1141 1676 1206 testimonium

243 1239 370 1305 illorum
393 1250 610 1327 acceptantes,
638 1242 831 1327 praesertim
852 1262 926 1306 curn
947 1262 1007 1328 per
1029 1243 1138 1333 omnia
1160 1262 1234 1305 cum
1255 1240 1344 1304 fama
1372 1248 1405 1305 et
1430 1239 1525 1305 libris
1553 1239 1674 1304 nostris

244 1348 438 1425 congrueret
470 1337 645 1426 (siquidem
673 1341 856 1406 invenimus
884 1338 975 1405 illum
1002 1349 1077 1405 ante
1104 1340 1278 1405 triennium
1306 1361 1391 1405 anno
1412 1338 1589 1405 MDXXX
1618 1336 1677 1402 sub

244 1449 408 1504 rectoratu
435 1462 509 1503 ven.
539 1439 612 1521 viri,
642 1438 696 1503 dn.
723 1460 807 1525 mag.
836 1437 970 1504 Martini
997 1437 1087 1521 Titii,
1113 1440 1149 1504 in
1168 1437 1278 1503 album
1299 1439 1522 1503 universitatis
1543 1447 1677 1503 nostrae

205 1547 237 1602 10
245 1536 395 1621 relatum,
416 1560 520 1623 neque
541 1536 608 1602 ulla
628 1559 772 1624 unquam
783 1539 871 1603 vitae
890 1548 947 1604 aut
968 1560 1095 1603 morum
1115 1538 1245 1604 macula
1265 1540 1460 1625 aspersum),
1481 1535 1615 1625 publice
1628 1535 1678 1601 his

244 1636 347 1700 literis
376 1638 495 1702 nostris
517 1645 687 1719 testamur,
710 1658 810 1723 saepe
838 1637 903 1701 iarn
933 1648 1221 1703 commemoratum
1248 1636 1293 1702 lo.
1313 1636 1398 1701 Mar.
1424 1633 1480 1700 hic
1507 1634 1676 1701 nobiscum

245 1757 304 1821 per
328 1736 490 1822 integrum
510 1735 685 1800 triennium
706 1743 740 1799 et
760 1735 886 1800 vixisse
912 1734 1077 1823 inculpate
1105 1746 1138 1801 et
1161 1735 1255 1801 bonis
1276 1734 1380 1801 literis
1407 1735 1456 1799 sic
1481 1732 1678 1816 incubuisse,

244 1845 279 1899 ut
310 1833 400 1899 illum
432 1856 491 1921 pro
523 1833 633 1918 huius,
650 1834 874 1899 universitatis
907 1844 1040 1901 nostrae
1068 1834 1214 1900 membro
1244 1852 1449 1921 nequaquam
1478 1832 1677 1920 poenitendo

244 1930 383 1997 libenter
410 1900 632 2019 agnoscdmus.
676 1932 887 2019 Quapropter
915 1933 1052 1999 eundem
1083 1935 1181 1998 etiam
1209 1934 1242 1998 in
1264 1933 1451 1997 universum
1474 1931 1628 1997 omnibus
1648 1944 1678 1997 et

205 2033 399 2118 toprivatim
420 2032 567 2118 singulis,
588 2032 635 2105 ad
647 2053 856 2120 quoscunque
870 2030 933 2098 hoc
948 2034 1105 2120 scriptum
1119 2042 1267 2097 nostrum
1288 2031 1484 2117 pervenerit,
1506 2030 1677 2117 diligenter

245 2130 524 2214 commendamus,
560 2140 691 2196 orantes
723 2132 854 2197 interim
883 2141 928 2215 ut,
961 2131 1144 2216 ubicunque
1174 2132 1348 2218 potuerint,
1382 2139 1414 2195 et
1435 2128 1555 2196 honori
1576 2132 1676 2218 ipsius

244 2228 469 2296 favorabiliter
497 2231 688 2317 prospicere
717 2226 856 2317 etus-1
880 2230 1013 2296 utilitati
1040 2253 1080 2296 ac
1109 2229 1287 2296 commodis
1315 2228 1410 2294 huius
1437 2238 1571 2295 nostrae
1600 2230 1675 2316 poti·

244 2329 342 2392 tionis
363 2339 515 2416 respectu
535 2328 676 2416 benigne
699 2329 867 2396 considere
888 2329 998 2396 velint.
1042 2329 1081 2396 Id
1104 2329 1192 2418 quod
1210 2351 1269 2394 nos
1292 2330 1439 2394 vicissim
1459 2329 1495 2393 in
1517 2328 1675 2395 similibus

246 2437 278 2492 et
296 2427 476 2493 maioribus
493 2430 599 2511 etiam,
621 2429 805 2515 ubicunque
825 2430 955 2495 occasio
977 2451 1049 2495 sese
1070 2431 1249 2511 ostentarit,
1271 2427 1312 2492 de
1331 2428 1494 2493 universis
1516 2436 1550 2493 et
1571 2430 1675 2515 singu·

204 2527 286 2592 2olis
314 2528 396 2593 bene
423 2526 577 2593 merendo
595 2529 636 2592 -in
662 2530 750 2594 omni
777 2528 849 2595 loco
879 2539 910 2594 et
938 2538 1084 2616 tempore
1111 2539 1209 2615 atque
1237 2528 1324 2593 omni
1351 2527 1533 2592 officiorum
1560 2548 1676 2614 genere

247 2648 495 2713 recompensare
525 2649 653 2715 semper
681 2627 891 2693 studebimus.
934 2628 972 2692 In
1000 2629 1090 2693 cuius
1121 2629 1169 2692 rei
1192 2627 1289 2692 fidem
1320 2649 1360 2691 ac
1381 2625 1516 2691 evidens
1536 2627 1674 2690 testimo

247 2727 336 2790 nium
365 2726 424 2790 has
452 2726 564 2791 literas
584 2726 715 2813 publico
736 2728 959 2793 universitatis
979 2737 1111 2793 nostrae
1140 2726 1246 2813 sigillo
1270 2747 1416 2812 appenso
1437 2723 1674 2789 confirmandas

246 2826 514 2891 existimavimus.
557 2825 650 2907 Quae
672 2824 769 2891 datae
789 2836 865 2892 sunt
884 2826 1031 2914 Lypsiae
1051 2847 1136 2892 anno
1157 2825 1391 2913 MDXXXIHj
1414 2832 1475 2890 etc.

1293 2923 1413 3011 Georg.
1435 2926 1456 2989 a
1479 2922 1599 2990 Saode.
1701 2924 1705 2931 '

204 3101 237 3156 25
324 3097 390 3160 133.
412 3087 475 3177 [Bl.
497 3086 571 3178 76¹²]
594 3107 641 3156 au
663 3107 830 3156 onemuu
851 3108 1153 3157 mrssnnounsnu
1173 3108 1209 3154 nv
1231 3106 1358 3157 caussa
1380 3106 1579 3155 crrsrmms

750 3206 926 3255 omasum
946 3207 1169 3273 sacunuorrs.

327 3321 455 3405 Rector,
478 3323 626 3408 magistri
651 3332 683 3386 et
702 3321 852 3387 doctores
873 3321 1016 3409 inclytae
1037 3322 1259 3388 universitatis
1281 3319 1378 3386 studii
1398 3319 1583 3408 Lypsensis

331 3420 473 3486 Salutem
494 3422 528 3484 in
551 3419 602 3486 dn.
624 3419 723 3484 Venit
744 3420 787 3485 ad
813 3442 874 3486 nos
894 3422 945 3485 vir
974 3422 1135 3507 egregius,
1164 3420 1313 3485 dominus
1338 3419 1534 3505 Henningus
1558 3420 1672 3502 Froch,

247 3543 447 3606 conquerens
473 3521 628 3605 graviter,
655 3519 741 3607 quod
763 3519 912 3585 dominus
933 3521 1073 3586 Ioannes
1094 3518 1205 3585 Trolle
1226 3521 1261 3584 in
1286 3541 1387 3584 causa
1416 3518 1520 3585 debiti
1539 3528 1573 3585 et
1595 3521 1672 3585 iniu-

206 3621 373 3685 30riarum
408 3641 519 3684 coram
547 3616 641 3683 nobis
672 3618 833 3705 pendente
868 3620 962 3683 citari
1000 3641 1035 3684 se
1061 3641 1177 3685 versus
1209 3616 1383 3704 Mersburg
1412 3616 1455 3684 ab
1487 3618 1676 3684 excellentis

248 3728 359 3783 vestra
379 3719 501 3801 lecerit,
524 3739 597 3782 cum
618 3727 725 3781 tamen
746 3717 787 3781 lis
810 3717 863 3782 hio
888 3740 998 3783 coram
1021 3717 1115 3784 nobis
1145 3728 1242 3783 antea
1267 3717 1366 3783 luerit
1394 3727 1588 3802 contestata,
1617 3719 1675 3784 im·

248 3816 452 3906 ploravitque
472 3819 507 3881 in
526 3815 589 3881 hac
610 3837 645 3880 re
665 3814 822 3881 auxilium
844 3827 875 3881 et
895 3817 1095 3904 praesidium
1113 3828 1269 3900 nostrum,
1292 3816 1379 3903 quod
1399 3816 1447 3881 illi
1468 3838 1593 3904 negare
1613 3839 1675 3883 non

249 3920 422 4003 potuimus,
454 3915 648 4003 praesertim
677 3936 751 3980 curn
773 3915 857 3980 dom.
879 3914 989 3980 Trolle
1009 3925 1125 3981 contra
1153 3920 1368 3982 iuramentum
1391 3938 1484 3981 sunm
1504 3926 1538 3981 et
1557 3927 1678 3983 statuta

249 4026 361 4081 nostra
381 4015 518 4082 rectoris
540 4013 794 4080 iurisdietionem
817 4025 937 4079 temere
955 4025 987 4079 et
1009 4017 1079 4080 sine
1095 4013 1162 4080 ulla
1183 4037 1300 4081 caussa
1321 4017 1419 4081 etiam
1439 4014 1496 4080 lite
1518 4015 1679 4103 pendente

209 4124 242 4180 35
252 4114 431 4180 declinarit
474 4112 684 4199 Quapropter
711 4135 842 4178 oramus
864 4123 1085 4200 praestantem
1113 4112 1336 4180 excellentiam
1358 4123 1514 4198 vestram,
1541 4138 1583 4181 ne
1603 4114 1679 4181 velit

249 4215 422 4279 temerario
445 4208 531 4299 [77⁸]
555 4213 657 4276 actori
683 4217 717 4276 in
744 4212 807 4277 hac
830 4234 948 4277 caussa
974 4211 1081 4278 locum
1103 4212 1182 4277 dare
1210 4212 1269 4278 sed
1300 4214 1410 4299 potius
1436 4213 1530 4279 illum
1552 4236 1678 4301 cogere,

248 4323 286 4377 ,ut
314 4314 363 4377 ius
387 4335 495 4394 suum,
525 4312 552 4375 si
578 4310 665 4395 quod
693 4310 805 4394 habet,
834 4332 944 4376 coram
968 4311 1063 4377 nobis
1093 4321 1316 4399 persequatur.
1357 4309 1397 4376 ld
1425 4312 1513 4398 quod
1533 4314 1678 4379 vicissim

252 4413 338 4477 omni
360 4409 468 4477 studio
489 4420 522 4475 et
543 4431 644 4495 opera
664 4432 744 4496 erga
765 4408 990 4475 excellentiam
1012 4420 1156 4476 vestram
1178 4412 1267 4475 omni
1286 4409 1358 4477 loco
1383 4420 1415 4476 et
1435 4420 1585 4498 tempore
1608 4434 1678 4501 pro·

251 4513 368 4576 mereri
388 4509 600 4595 studebimus.
622 4508 746 4574 Valete.
769 4508 924 4596 Lypsiae,
947 4531 1032 4574 anno
1054 4509 1223 4574 XXXIlII
1242 4519 1302 4574 etc.

210 4687 244 4741 to
307 4682 373 4744 134.
396 4664 601 4756 mhoaruu,
624 4691 721 4751 ouon
741 4690 940 4758 armemus,
963 4690 1035 4739 corr
1056 4691 1238 4740 caraman
1261 4690 1587 4742 mersrmnnonmr

794 4789 1121 4839 crncuurnsuurur.

333 4907 425 4975 More
445 4910 603 4973 maiorum
626 4906 688 4971 hac
710 4927 849 4992 vespera
873 4905 1028 4970 candelae
1049 4906 1100 4988 iis,
1129 4906 1185 4992 qui
1214 4905 1257 4969 ad
1285 4928 1423 4971 examen
1445 4928 1506 4994 pro
1526 4909 1675 4995 magiste

250 5009 300 5072 rio
329 5009 415 5071 iusta
446 5006 647 5071 dominorum
681 5007 939 5069 examinatorum
971 5025 1108 5069 censura
1138 5002 1330 5069 admittendi
1363 5016 1467 5088 errant,
1497 5028 1517 5071 a
1547 5005 1673 5071 domino

251 5104 520 5171 vicecancellario
542 5117 573 5169 et
595 5105 692 5169 dictis
714 5103 994 5168 examinatoribus
1020 5103 1216 5168 adferentur.
1259 5102 1470 5192 Quapropter
1491 5104 1672 5171 Fridericus
