<?xml version="1.0" encoding="UTF-8"?>
<!DOCTYPE html PUBLIC "-//W3C//DTD XHTML 1.0 Transitional//EN"
    "http://www.w3.org/TR/xhtml1/DTD/xhtml1-transitional.dtd">
<html xmlns="http://www.w3.org/1999/xhtml" xml:lang="en" lang="en">
 <head>
  <title>
</title>
<meta http-equiv="Content-Type" content="text/html;charset=utf-8" />
  <meta name='ocr-system' content='tesseract 3.04.00' />
  <meta name='ocr-capabilities' content='ocr_page ocr_carea ocr_par ocr_line ocrx_word'/>
</head>
<body>
  <div class='ocr_page' id='page_1' title='image "./diestatutenbche00univgoog_0179.png"; bbox 0 0 3756 6158; ppageno 0'>
   <div class='ocr_carea' id='block_1_1' title="bbox 259 439 1321 539">
    <p class='ocr_par' dir='ltr' id='par_1_1' title="bbox 259 439 1321 539">
     <span class='ocr_line' id='line_1_1' title="bbox 259 439 1321 539; baseline 0 -12"><span class='ocrx_word' id='word_1_1' title='bbox 259 475 317 539; x_wconf 82' lang='lat'>160</span> <span class='ocrx_word' id='word_1_2' title='bbox 557 439 626 524; x_wconf 44' lang='lat' dir='ltr'>&#39;Der</span> <span class='ocrx_word' id='word_1_3' title='bbox 644 472 725 525; x_wconf 81' lang='lat' dir='ltr'>Liber</span> <span class='ocrx_word' id='word_1_4' title='bbox 742 477 864 526; x_wconf 85' lang='lat' dir='ltr'>nacionis</span> <span class='ocrx_word' id='word_1_5' title='bbox 881 472 1045 527; x_wconf 82' lang='lat' dir='ltr'>Bavarorum</span> <span class='ocrx_word' id='word_1_6' title='bbox 1063 493 1125 528; x_wconf 86' lang='lat' dir='ltr'>vom</span> <span class='ocrx_word' id='word_1_7' title='bbox 1143 472 1226 529; x_wconf 63' lang='lat' dir='ltr'>«labra</span> <span class='ocrx_word' id='word_1_8' title='bbox 1248 470 1321 529; x_wconf 76' lang='lat'><strong>1425.</strong></span> 
     </span>
    </p>
   </div>
   <div class='ocr_carea' id='block_1_2' title="bbox 140 652 1682 5203">
    <p class='ocr_par' dir='ltr' id='par_1_2' title="bbox 140 652 1682 5203">
     <span class='ocr_line' id='line_1_2' title="bbox 252 652 1675 745; baseline 0.001 -27"><span class='ocrx_word' id='word_1_9' title='bbox 252 676 350 736; x_wconf 92' lang='lat' dir='ltr'>mum,</span> <span class='ocrx_word' id='word_1_10' title='bbox 374 652 433 718; x_wconf 91' lang='lat' dir='ltr'>sub</span> <span class='ocrx_word' id='word_1_11' title='bbox 456 677 572 740; x_wconf 91' lang='lat' dir='ltr'>poena,</span> <span class='ocrx_word' id='word_1_12' title='bbox 602 655 728 741; x_wconf 90' lang='lat' dir='ltr'>siquid</span> <span class='ocrx_word' id='word_1_13' title='bbox 749 658 836 722; x_wconf 89' lang='lat' dir='ltr'>ultra</span> <span class='ocrx_word' id='word_1_14' title='bbox 857 657 1106 745; x_wconf 78' lang='lat' dir='ltr'>expenderetur,</span> <span class='ocrx_word' id='word_1_15' title='bbox 1128 669 1165 723; x_wconf 91' lang='lat' dir='ltr'>ut</span> <span class='ocrx_word' id='word_1_16' title='bbox 1185 658 1348 723; x_wconf 85' lang='lat' dir='ltr'>solverent</span> <span class='ocrx_word' id='word_1_17' title='bbox 1367 655 1424 739; x_wconf 92' lang='lat' dir='ltr'>hii,</span> <span class='ocrx_word' id='word_1_18' title='bbox 1454 655 1575 743; x_wconf 90' lang='lat' dir='ltr'>quibus</span> <span class='ocrx_word' id='word_1_19' title='bbox 1598 679 1675 720; x_wconf 92' lang='lat' dir='ltr'>com·</span> 
     </span>
     <span class='ocr_line' id='line_1_3' title="bbox 252 752 1152 843; baseline 0.004 -25"><span class='ocrx_word' id='word_1_20' title='bbox 252 756 363 819; x_wconf 91' lang='lat' dir='ltr'>missio</span> <span class='ocrx_word' id='word_1_21' title='bbox 384 752 592 819; x_wconf 81' lang='lat' dir='ltr'>candelarum</span> <span class='ocrx_word' id='word_1_22' title='bbox 615 778 675 842; x_wconf 90' lang='lat' dir='ltr'>pro</span> <span class='ocrx_word' id='word_1_23' title='bbox 697 765 843 843; x_wconf 89' lang='lat' dir='ltr'>tempore</span> <span class='ocrx_word' id='word_1_24' title='bbox 865 769 951 821; x_wconf 86' lang='lat' dir='ltr'>essct</span> <span class='ocrx_word' id='word_1_25' title='bbox 972 759 1152 823; x_wconf 85' lang='lat' dir='ltr'>commissa.</span> 
     </span>
     <span class='ocr_line' id='line_1_4' title="bbox 337 850 1678 942; baseline 0.001 -24"><span class='ocrx_word' id='word_1_26' title='bbox 337 859 382 918; x_wconf 78' lang='lat'>12.</span> <span class='ocrx_word' id='word_1_27' title='bbox 415 853 509 918; x_wconf 84' lang='lat' dir='ltr'>Anno</span> <span class='ocrx_word' id='word_1_28' title='bbox 532 852 655 920; x_wconf 90' lang='lat' dir='ltr'>domini</span> <span class='ocrx_word' id='word_1_29' title='bbox 676 853 729 916; x_wconf 87' lang='grc' dir='ltr'>Μ0</span> <span class='ocrx_word' id='word_1_30' title='bbox 750 854 1070 942; x_wconf 88' lang='lat' dir='ltr'>quadringentesimo</span> <span class='ocrx_word' id='word_1_31' title='bbox 1098 856 1368 941; x_wconf 87' lang='lat' dir='ltr'>quinquagesimo</span> <span class='ocrx_word' id='word_1_32' title='bbox 1388 855 1491 919; x_wconf 90' lang='lat' dir='ltr'>tercio</span> <span class='ocrx_word' id='word_1_33' title='bbox 1513 850 1628 940; x_wconf 78' lang='lat'>(1453)</span> <span class='ocrx_word' id='word_1_34' title='bbox 1647 855 1678 919; x_wconf 91' lang='lat' dir='ltr'>in</span> 
     </span>
     <span class='ocr_line' id='line_1_5' title="bbox 250 952 1679 1040; baseline 0.001 -23"><span class='ocrx_word' id='word_1_35' title='bbox 250 952 347 1040; x_wconf 90' lang='lat' dir='ltr'>plena</span> <span class='ocrx_word' id='word_1_36' title='bbox 377 957 634 1037; x_wconf 75' lang='lat' dir='ltr'>congregacione</span> <span class='ocrx_word' id='word_1_37' title='bbox 664 957 893 1040; x_wconf 88' lang='lat' dir='ltr'>magistrorum</span> <span class='ocrx_word' id='word_1_38' title='bbox 926 955 965 1020; x_wconf 91' lang='lat' dir='ltr'>de</span> <span class='ocrx_word' id='word_1_39' title='bbox 994 958 1132 1020; x_wconf 87' lang='lat' dir='ltr'>nacione</span> <span class='ocrx_word' id='word_1_40' title='bbox 1160 955 1364 1019; x_wconf 88' lang='lat' dir='ltr'>Bavarorum</span> <span class='ocrx_word' id='word_1_41' title='bbox 1392 953 1583 1019; x_wconf 86' lang='lat' dir='ltr'>conclusum</span> <span class='ocrx_word' id='word_1_42' title='bbox 1613 953 1679 1035; x_wconf 76' lang='lat' dir='ltr'>linit,</span> 
     </span>
     <span class='ocr_line' id='line_1_6' title="bbox 208 1040 1678 1140; baseline 0 -23"><span class='ocrx_word' id='word_1_43' title='bbox 208 1063 224 1117; x_wconf 85' lang='lat'>5</span> <span class='ocrx_word' id='word_1_44' title='bbox 251 1052 338 1116; x_wconf 86' lang='lat' dir='ltr'>mdlo</span> <span class='ocrx_word' id='word_1_45' title='bbox 361 1051 612 1135; x_wconf 83' lang='lat' dir='ltr'>contradicente,</span> <span class='ocrx_word' id='word_1_46' title='bbox 638 1064 674 1119; x_wconf 90' lang='lat' dir='ltr'>ut</span> <span class='ocrx_word' id='word_1_47' title='bbox 698 1054 829 1118; x_wconf 89' lang='lat' dir='ltr'>inantea</span> <span class='ocrx_word' id='word_1_48' title='bbox 856 1053 1042 1140; x_wconf 87' lang='lat' dir='ltr'>diligentior</span> <span class='ocrx_word' id='word_1_49' title='bbox 1069 1054 1127 1118; x_wconf 90' lang='lat' dir='ltr'>fiat</span> <span class='ocrx_word' id='word_1_50' title='bbox 1153 1052 1298 1118; x_wconf 86' lang='lat' dir='ltr'>collectio</span> <span class='ocrx_word' id='word_1_51' title='bbox 1326 1054 1411 1127; x_wconf 83' lang='lat' dir='ltr'>inter</span> <span class='ocrx_word' id='word_1_52' title='bbox 1432 1052 1607 1140; x_wconf 88' lang='lat' dir='ltr'>supposita</span> <span class='ocrx_word' id='word_1_53' title='bbox 1626 1040 1678 1117; x_wconf 80' lang='lat' dir='ltr'>aa·</span> 
     </span>
     <span class='ocr_line' id='line_1_7' title="bbox 251 1149 1678 1239; baseline 0 -23"><span class='ocrx_word' id='word_1_54' title='bbox 251 1154 352 1216; x_wconf 90' lang='lat' dir='ltr'>cionis</span> <span class='ocrx_word' id='word_1_55' title='bbox 374 1172 436 1236; x_wconf 90' lang='lat' dir='ltr'>pro</span> <span class='ocrx_word' id='word_1_56' title='bbox 459 1149 603 1215; x_wconf 90' lang='lat' dir='ltr'>candelis</span> <span class='ocrx_word' id='word_1_57' title='bbox 625 1162 656 1217; x_wconf 89' lang='lat' dir='ltr'>et</span> <span class='ocrx_word' id='word_1_58' title='bbox 678 1156 775 1217; x_wconf 89' lang='lat' dir='ltr'>ctiam</span> <span class='ocrx_word' id='word_1_59' title='bbox 803 1175 863 1239; x_wconf 92' lang='lat' dir='ltr'>pro</span> <span class='ocrx_word' id='word_1_60' title='bbox 893 1152 965 1217; x_wconf 88' lang='lat' dir='ltr'>aliis</span> <span class='ocrx_word' id='word_1_61' title='bbox 994 1152 1183 1234; x_wconf 87' lang='lat' dir='ltr'>tractandis,</span> <span class='ocrx_word' id='word_1_62' title='bbox 1206 1152 1409 1218; x_wconf 87' lang='lat' dir='ltr'>commodum</span> <span class='ocrx_word' id='word_1_63' title='bbox 1432 1153 1583 1218; x_wconf 80' lang='lat' dir='ltr'>nacionis</span> <span class='ocrx_word' id='word_1_64' title='bbox 1608 1173 1678 1217; x_wconf 92' lang='lat' dir='ltr'>con·</span> 
     </span>
     <span class='ocr_line' id='line_1_8' title="bbox 250 1248 1679 1341; baseline 0 -25"><span class='ocrx_word' id='word_1_65' title='bbox 250 1248 471 1341; x_wconf 81' lang='lat' dir='ltr'>cernentibus:</span> <span class='ocrx_word' id='word_1_66' title='bbox 501 1253 610 1315; x_wconf 88' lang='lat' dir='ltr'>statim</span> <span class='ocrx_word' id='word_1_67' title='bbox 638 1262 713 1337; x_wconf 90' lang='lat' dir='ltr'>post</span> <span class='ocrx_word' id='word_1_68' title='bbox 740 1252 1093 1317; x_wconf 85' lang='lat' dir='ltr'>recommendacionem</span> <span class='ocrx_word' id='word_1_69' title='bbox 1118 1253 1194 1317; x_wconf 92' lang='lat' dir='ltr'>novi</span> <span class='ocrx_word' id='word_1_70' title='bbox 1214 1254 1350 1317; x_wconf 89' lang='lat' dir='ltr'>rectoris</span> <span class='ocrx_word' id='word_1_71' title='bbox 1376 1251 1463 1315; x_wconf 85' lang='lat' dir='ltr'>inira</span> <span class='ocrx_word' id='word_1_72' title='bbox 1483 1251 1679 1338; x_wconf 79' lang='lat' dir='ltr'>quindenam</span> 
     </span>
     <span class='ocr_line' id='line_1_9' title="bbox 251 1346 1678 1437; baseline 0 -22"><span class='ocrx_word' id='word_1_73' title='bbox 251 1351 314 1416; x_wconf 89' lang='lat' dir='ltr'>duo</span> <span class='ocrx_word' id='word_1_74' title='bbox 344 1346 523 1432; x_wconf 89' lang='lat' dir='ltr'>iudiciales,</span> <span class='ocrx_word' id='word_1_75' title='bbox 553 1360 691 1436; x_wconf 77' lang='lat' dir='ltr'>prottmc</span> <span class='ocrx_word' id='word_1_76' title='bbox 718 1349 883 1414; x_wconf 88' lang='lat' dir='ltr'>collecturi</span> <span class='ocrx_word' id='word_1_77' title='bbox 905 1353 1077 1437; x_wconf 90' lang='lat' dir='ltr'>pecuniam</span> <span class='ocrx_word' id='word_1_78' title='bbox 1106 1350 1150 1415; x_wconf 91' lang='lat' dir='ltr'>ad</span> <span class='ocrx_word' id='word_1_79' title='bbox 1177 1350 1331 1416; x_wconf 85' lang='lat' dir='ltr'>candelas</span> <span class='ocrx_word' id='word_1_80' title='bbox 1360 1349 1538 1415; x_wconf 87' lang='lat' dir='ltr'>secundum</span> <span class='ocrx_word' id='word_1_81' title='bbox 1558 1372 1678 1415; x_wconf 86' lang='lat' dir='ltr'>morum</span> 
     </span>
     <span class='ocr_line' id='line_1_10' title="bbox 252 1448 1677 1536; baseline -0.001 -20"><span class='ocrx_word' id='word_1_82' title='bbox 252 1452 407 1517; x_wconf 89' lang='lat' dir='ltr'>hactenus</span> <span class='ocrx_word' id='word_1_83' title='bbox 434 1448 652 1531; x_wconf 89' lang='lat' dir='ltr'>observatum,</span> <span class='ocrx_word' id='word_1_84' title='bbox 681 1450 848 1536; x_wconf 89' lang='lat' dir='ltr'>requirant</span> <span class='ocrx_word' id='word_1_85' title='bbox 876 1451 1036 1514; x_wconf 90' lang='lat' dir='ltr'>seniorem</span> <span class='ocrx_word' id='word_1_86' title='bbox 1061 1452 1204 1516; x_wconf 91' lang='lat' dir='ltr'>nationis</span> <span class='ocrx_word' id='word_1_87' title='bbox 1233 1448 1277 1514; x_wconf 88' lang='lat' dir='ltr'>ad</span> <span class='ocrx_word' id='word_1_88' title='bbox 1305 1448 1552 1515; x_wconf 87' lang='lat' dir='ltr'>convocandum</span> <span class='ocrx_word' id='word_1_89' title='bbox 1579 1453 1677 1535; x_wconf 85' lang='lat' dir='ltr'>magi·</span> 
     </span>
     <span class='ocr_line' id='line_1_11' title="bbox 209 1547 1679 1635; baseline -0.001 -19"><span class='ocrx_word' id='word_1_90' title='bbox 209 1561 346 1632; x_wconf 77' lang='lat' dir='ltr'>lustros,</span> <span class='ocrx_word' id='word_1_91' title='bbox 374 1557 410 1613; x_wconf 93' lang='lat' dir='ltr'>ut</span> <span class='ocrx_word' id='word_1_92' title='bbox 434 1570 534 1634; x_wconf 91' lang='lat' dir='ltr'>supra</span> <span class='ocrx_word' id='word_1_93' title='bbox 556 1547 677 1612; x_wconf 89' lang='lat' dir='ltr'>dictum</span> <span class='ocrx_word' id='word_1_94' title='bbox 700 1558 759 1630; x_wconf 89' lang='lat' dir='ltr'>est,</span> <span class='ocrx_word' id='word_1_95' title='bbox 787 1547 848 1612; x_wconf 91' lang='lat' dir='ltr'>sub</span> <span class='ocrx_word' id='word_1_96' title='bbox 868 1571 974 1635; x_wconf 87' lang='lat' dir='ltr'>poena</span> <span class='ocrx_word' id='word_1_97' title='bbox 994 1551 1088 1614; x_wconf 90' lang='lat' dir='ltr'>unius</span> <span class='ocrx_word' id='word_1_98' title='bbox 1110 1549 1210 1614; x_wconf 91' lang='lat' dir='ltr'>medii</span> <span class='ocrx_word' id='word_1_99' title='bbox 1232 1549 1356 1615; x_wconf 88' lang='lat' dir='ltr'>floreni.</span> <span class='ocrx_word' id='word_1_100' title='bbox 1394 1547 1483 1613; x_wconf 84' lang='lat' dir='ltr'>Acta</span> <span class='ocrx_word' id='word_1_101' title='bbox 1503 1557 1582 1614; x_wconf 86' lang='lat' dir='ltr'>suut</span> <span class='ocrx_word' id='word_1_102' title='bbox 1601 1547 1679 1614; x_wconf 86' lang='lat' dir='ltr'>hace</span> 
     </span>
     <span class='ocr_line' id='line_1_12' title="bbox 250 1645 1676 1736; baseline -0.001 -22"><span class='ocrx_word' id='word_1_103' title='bbox 250 1650 414 1716; x_wconf 89' lang='lat' dir='ltr'>dominica</span> <span class='ocrx_word' id='word_1_104' title='bbox 434 1646 487 1711; x_wconf 90' lang='lat' dir='ltr'>die</span> <span class='ocrx_word' id='word_1_105' title='bbox 509 1655 640 1712; x_wconf 89' lang='lat' dir='ltr'>sanctae</span> <span class='ocrx_word' id='word_1_106' title='bbox 662 1645 914 1734; x_wconf 88' lang='lat' dir='ltr'>individuaeque</span> <span class='ocrx_word' id='word_1_107' title='bbox 925 1647 1097 1713; x_wconf 86' lang='lat' dir='ltr'>Trinitatis</span> <span class='ocrx_word' id='word_1_108' title='bbox 1120 1655 1192 1727; x_wconf 78' lang='lat' dir='ltr'>(dea</span> <span class='ocrx_word' id='word_1_109' title='bbox 1210 1653 1354 1727; x_wconf 72' lang='grc'><strong>271100)</strong></span> <span class='ocrx_word' id='word_1_110' title='bbox 1375 1669 1461 1712; x_wconf 90' lang='lat' dir='ltr'>auno</span> <span class='ocrx_word' id='word_1_111' title='bbox 1481 1670 1548 1734; x_wconf 92' lang='lat' dir='ltr'>quo</span> <span class='ocrx_word' id='word_1_112' title='bbox 1570 1671 1676 1736; x_wconf 87' lang='lat' dir='ltr'>supra.</span> 
     </span>
     <span class='ocr_line' id='line_1_13' title="bbox 336 1744 1678 1835; baseline -0.002 -20"><span class='ocrx_word' id='word_1_113' title='bbox 336 1753 381 1815; x_wconf 89' lang='grc'>13.</span> <span class='ocrx_word' id='word_1_114' title='bbox 410 1744 506 1811; x_wconf 89' lang='lat' dir='ltr'>Arme</span> <span class='ocrx_word' id='word_1_115' title='bbox 529 1744 652 1810; x_wconf 91' lang='lat' dir='ltr'>domini</span> <span class='ocrx_word' id='word_1_116' title='bbox 672 1744 725 1808; x_wconf 81' lang='grc' dir='ltr'>Μ0</span> <span class='ocrx_word' id='word_1_117' title='bbox 747 1745 1066 1832; x_wconf 88' lang='lat' dir='ltr'>quadringentesimo</span> <span class='ocrx_word' id='word_1_118' title='bbox 1089 1749 1358 1835; x_wconf 87' lang='lat' dir='ltr'>quinquagesimo</span> <span class='ocrx_word' id='word_1_119' title='bbox 1379 1748 1482 1814; x_wconf 88' lang='lat' dir='ltr'>tercio</span> <span class='ocrx_word' id='word_1_120' title='bbox 1503 1746 1559 1812; x_wconf 90' lang='lat' dir='ltr'>die</span> <span class='ocrx_word' id='word_1_121' title='bbox 1578 1750 1678 1813; x_wconf 86' lang='lat' dir='ltr'>tercia</span> 
     </span>
     <span class='ocr_line' id='line_1_14' title="bbox 249 1844 1678 1933; baseline -0.002 -19"><span class='ocrx_word' id='word_1_122' title='bbox 249 1844 444 1914; x_wconf 88' lang='lat' dir='ltr'>Novembris</span> <span class='ocrx_word' id='word_1_123' title='bbox 466 1850 559 1922; x_wconf 79' lang='lat'>(1453</span> <span class='ocrx_word' id='word_1_124' title='bbox 580 1851 637 1907; x_wconf 81' lang='lat' dir='ltr'>dea</span> <span class='ocrx_word' id='word_1_125' title='bbox 658 1850 686 1912; x_wconf 86' lang='lat'>3.</span> <span class='ocrx_word' id='word_1_126' title='bbox 706 1848 882 1922; x_wconf 78' lang='lat' dir='ltr'>November)</span> <span class='ocrx_word' id='word_1_127' title='bbox 907 1846 941 1909; x_wconf 93' lang='lat' dir='ltr'>in</span> <span class='ocrx_word' id='word_1_128' title='bbox 968 1845 1065 1932; x_wconf 89' lang='lat' dir='ltr'>plena</span> <span class='ocrx_word' id='word_1_129' title='bbox 1093 1847 1350 1933; x_wconf 85' lang='lat' dir='ltr'>congregacione</span> <span class='ocrx_word' id='word_1_130' title='bbox 1378 1847 1613 1932; x_wconf 89' lang='lat' dir='ltr'>magistrorum</span> <span class='ocrx_word' id='word_1_131' title='bbox 1640 1846 1678 1911; x_wconf 91' lang='lat' dir='ltr'>de</span> 
     </span>
     <span class='ocr_line' id='line_1_15' title="bbox 207 1931 1678 2031; baseline 0.004 -20"><span class='ocrx_word' id='word_1_132' title='bbox 207 1931 213 1945; x_wconf 78' lang='grc'><strong>’</strong></span> <span class='ocrx_word' id='word_1_133' title='bbox 248 1947 387 2011; x_wconf 89' lang='lat' dir='ltr'>nacione</span> <span class='ocrx_word' id='word_1_134' title='bbox 397 1943 603 2009; x_wconf 88' lang='lat' dir='ltr'>Bavarorum</span> <span class='ocrx_word' id='word_1_135' title='bbox 623 1942 756 2030; x_wconf 85' lang='lat' dir='ltr'>placuit,</span> <span class='ocrx_word' id='word_1_136' title='bbox 778 1943 866 2010; x_wconf 89' lang='lat' dir='ltr'>nullo</span> <span class='ocrx_word' id='word_1_137' title='bbox 889 1944 1140 2028; x_wconf 82' lang='lat' dir='ltr'>contradicente,</span> <span class='ocrx_word' id='word_1_138' title='bbox 1162 1945 1248 2031; x_wconf 93' lang='lat' dir='ltr'>quod</span> <span class='ocrx_word' id='word_1_139' title='bbox 1267 1948 1400 2011; x_wconf 86' lang='lat' dir='ltr'>inantea</span> <span class='ocrx_word' id='word_1_140' title='bbox 1420 1946 1510 2012; x_wconf 86' lang='lat' dir='ltr'>circa</span> <span class='ocrx_word' id='word_1_141' title='bbox 1531 1945 1678 2017; x_wconf 79' lang='lat' dir='ltr'>solemni·</span> 
     </span>
     <span class='ocr_line' id='line_1_16' title="bbox 187 2040 1677 2131; baseline -0.001 -19"><span class='ocrx_word' id='word_1_142' title='bbox 187 2057 239 2112; x_wconf 71' lang='lat'>‘15</span> <span class='ocrx_word' id='word_1_143' title='bbox 249 2056 349 2111; x_wconf 88' lang='lat' dir='ltr'>tatem</span> <span class='ocrx_word' id='word_1_144' title='bbox 375 2044 562 2108; x_wconf 81' lang='lat' dir='ltr'>festivitatis</span> <span class='ocrx_word' id='word_1_145' title='bbox 588 2044 734 2130; x_wconf 88' lang='lat' dir='ltr'>corporis</span> <span class='ocrx_word' id='word_1_146' title='bbox 756 2041 879 2108; x_wconf 85' lang='lat' dir='ltr'>Christi</span> <span class='ocrx_word' id='word_1_147' title='bbox 905 2045 1080 2129; x_wconf 86' lang='lat' dir='ltr'>portitores</span> <span class='ocrx_word' id='word_1_148' title='bbox 1108 2044 1327 2129; x_wconf 87' lang='lat' dir='ltr'>candelarum,</span> <span class='ocrx_word' id='word_1_149' title='bbox 1351 2054 1511 2131; x_wconf 88' lang='lat' dir='ltr'>exparte</span> <span class='ocrx_word' id='word_1_150' title='bbox 1532 2040 1677 2111; x_wconf 87' lang='lat' dir='ltr'>nacionis</span> 
     </span>
     <span class='ocr_line' id='line_1_17' title="bbox 249 2142 1677 2232; baseline -0.001 -22"><span class='ocrx_word' id='word_1_151' title='bbox 249 2167 310 2232; x_wconf 90' lang='lat' dir='ltr'>pro</span> <span class='ocrx_word' id='word_1_152' title='bbox 332 2143 520 2208; x_wconf 89' lang='lat' dir='ltr'>reverencia</span> <span class='ocrx_word' id='word_1_153' title='bbox 543 2143 740 2209; x_wconf 87' lang='lat' dir='ltr'>sacramenti</span> <span class='ocrx_word' id='word_1_154' title='bbox 760 2163 851 2206; x_wconf 91' lang='lat' dir='ltr'>more</span> <span class='ocrx_word' id='word_1_155' title='bbox 872 2142 968 2208; x_wconf 90' lang='lat' dir='ltr'>solito</span> <span class='ocrx_word' id='word_1_156' title='bbox 994 2142 1149 2231; x_wconf 88' lang='lat' dir='ltr'>deputati,</span> <span class='ocrx_word' id='word_1_157' title='bbox 1180 2146 1206 2209; x_wconf 92' lang='lat' dir='ltr'>si</span> <span class='ocrx_word' id='word_1_158' title='bbox 1234 2166 1299 2231; x_wconf 92' lang='lat' dir='ltr'>qua</span> <span class='ocrx_word' id='word_1_159' title='bbox 1325 2154 1517 2210; x_wconf 88' lang='lat' dir='ltr'>ornamenta</span> <span class='ocrx_word' id='word_1_160' title='bbox 1546 2144 1677 2210; x_wconf 93' lang='lat' dir='ltr'>monilia</span> 
     </span>
     <span class='ocr_line' id='line_1_18' title="bbox 250 2240 1682 2330; baseline 0.001 -22"><span class='ocrx_word' id='word_1_161' title='bbox 250 2252 308 2309; x_wconf 89' lang='lat' dir='ltr'>aut</span> <span class='ocrx_word' id='word_1_162' title='bbox 333 2240 399 2307; x_wconf 89' lang='lat' dir='ltr'>alia</span> <span class='ocrx_word' id='word_1_163' title='bbox 423 2240 608 2306; x_wconf 89' lang='lat' dir='ltr'>huiusmodi</span> <span class='ocrx_word' id='word_1_164' title='bbox 632 2263 693 2328; x_wconf 93' lang='lat' dir='ltr'>pro</span> <span class='ocrx_word' id='word_1_165' title='bbox 715 2248 832 2305; x_wconf 91' lang='lat' dir='ltr'>ornatu</span> <span class='ocrx_word' id='word_1_166' title='bbox 859 2240 1036 2307; x_wconf 90' lang='lat' dir='ltr'>decentiori</span> <span class='ocrx_word' id='word_1_167' title='bbox 1064 2243 1195 2308; x_wconf 85' lang='lat' dir='ltr'>aliunde</span> <span class='ocrx_word' id='word_1_168' title='bbox 1223 2243 1468 2309; x_wconf 86' lang='lat' dir='ltr'>comodaverint</span> <span class='ocrx_word' id='word_1_169' title='bbox 1495 2252 1529 2309; x_wconf 84' lang='grc'>01</span> <span class='ocrx_word' id='word_1_170' title='bbox 1557 2242 1682 2330; x_wconf 86' lang='lat' dir='ltr'>aliquid·</span> 
     </span>
     <span class='ocr_line' id='line_1_19' title="bbox 253 2338 1604 2428; baseline 0.001 -22"><span class='ocrx_word' id='word_1_171' title='bbox 253 2366 296 2406; x_wconf 83' lang='lat' dir='ltr'>ex</span> <span class='ocrx_word' id='word_1_172' title='bbox 318 2340 368 2406; x_wconf 92' lang='lat' dir='ltr'>his</span> <span class='ocrx_word' id='word_1_173' title='bbox 389 2340 599 2428; x_wconf 87' lang='lat' dir='ltr'>perdiderint,</span> <span class='ocrx_word' id='word_1_174' title='bbox 620 2343 709 2405; x_wconf 89' lang='lat' dir='ltr'>natio</span> <span class='ocrx_word' id='word_1_175' title='bbox 731 2360 797 2403; x_wconf 93' lang='lat' dir='ltr'>non</span> <span class='ocrx_word' id='word_1_176' title='bbox 816 2338 895 2404; x_wconf 89' lang='lat' dir='ltr'>velit</span> <span class='ocrx_word' id='word_1_177' title='bbox 915 2339 1068 2406; x_wconf 87' lang='lat' dir='ltr'>damnum</span> <span class='ocrx_word' id='word_1_178' title='bbox 1089 2341 1155 2407; x_wconf 88' lang='lat' dir='ltr'>tale</span> <span class='ocrx_word' id='word_1_179' title='bbox 1175 2340 1417 2428; x_wconf 88' lang='lat' dir='ltr'>quomodolibet</span> <span class='ocrx_word' id='word_1_180' title='bbox 1437 2344 1604 2408; x_wconf 82' lang='lat' dir='ltr'>resartire</span> 
     </span>
     <span class='ocr_line' id='line_1_20' title="bbox 336 2435 1675 2531; baseline 0 -25"><span class='ocrx_word' id='word_1_181' title='bbox 336 2448 383 2508; x_wconf 88' lang='grc'>14.</span> <span class='ocrx_word' id='word_1_182' title='bbox 416 2435 481 2527; x_wconf 72' lang='lat'>[9¹³]</span> <span class='ocrx_word' id='word_1_183' title='bbox 503 2441 584 2505; x_wconf 89' lang='lat' dir='ltr'>Item</span> <span class='ocrx_word' id='word_1_184' title='bbox 605 2437 1033 2506; x_wconf 75' lang='grc' dir='ltr'>00001001101Μο00000</span> <span class='ocrx_word' id='word_1_185' title='bbox 1047 2439 1209 2506; x_wconf 83' lang='lat' dir='ltr'>LXVllI⁰</span> <span class='ocrx_word' id='word_1_186' title='bbox 1226 2443 1260 2505; x_wconf 94' lang='lat' dir='ltr'>in</span> <span class='ocrx_word' id='word_1_187' title='bbox 1275 2443 1517 2531; x_wconf 82' lang='lat' dir='ltr'>convocacione</span> <span class='ocrx_word' id='word_1_188' title='bbox 1527 2441 1675 2507; x_wconf 82' lang='lat' dir='ltr'>aestivali</span> 
     </span>
     <span class='ocr_line' id='line_1_21' title="bbox 206 2538 1675 2627; baseline -0.001 -19"><span class='ocrx_word' id='word_1_189' title='bbox 206 2543 338 2607; x_wconf 70' lang='lat' dir='ltr'>wcirca</span> <span class='ocrx_word' id='word_1_190' title='bbox 365 2541 483 2605; x_wconf 89' lang='lat' dir='ltr'>festum</span> <span class='ocrx_word' id='word_1_191' title='bbox 514 2538 712 2604; x_wconf 87' lang='lat' dir='ltr'>ascensionis</span> <span class='ocrx_word' id='word_1_192' title='bbox 741 2542 835 2616; x_wconf 85' lang='grc'><strong>(1468</strong></span> <span class='ocrx_word' id='word_1_193' title='bbox 856 2543 913 2600; x_wconf 82' lang='lat' dir='ltr'>dere</span> <span class='ocrx_word' id='word_1_194' title='bbox 940 2545 988 2606; x_wconf 78' lang='lat'>26.</span> <span class='ocrx_word' id='word_1_195' title='bbox 1010 2543 1091 2617; x_wconf 80' lang='lat' dir='ltr'>Mai)</span> <span class='ocrx_word' id='word_1_196' title='bbox 1120 2539 1305 2605; x_wconf 90' lang='lat' dir='ltr'>conclusum</span> <span class='ocrx_word' id='word_1_197' title='bbox 1330 2540 1391 2605; x_wconf 82' lang='lat' dir='ltr'>fuit</span> <span class='ocrx_word' id='word_1_198' title='bbox 1417 2562 1477 2627; x_wconf 86' lang='lat' dir='ltr'>per</span> <span class='ocrx_word' id='word_1_199' title='bbox 1501 2544 1675 2627; x_wconf 85' lang='lat' dir='ltr'>magistros</span> 
     </span>
     <span class='ocr_line' id='line_1_22' title="bbox 248 2635 1674 2729; baseline 0.001 -24"><span class='ocrx_word' id='word_1_200' title='bbox 248 2643 404 2722; x_wconf 87' lang='lat' dir='ltr'>nacionis,</span> <span class='ocrx_word' id='word_1_201' title='bbox 433 2637 521 2725; x_wconf 89' lang='lat' dir='ltr'>qnod</span> <span class='ocrx_word' id='word_1_202' title='bbox 541 2637 627 2702; x_wconf 90' lang='lat' dir='ltr'>ultra</span> <span class='ocrx_word' id='word_1_203' title='bbox 649 2636 792 2702; x_wconf 84' lang='lat' dir='ltr'>sedecim</span> <span class='ocrx_word' id='word_1_204' title='bbox 816 2635 869 2722; x_wconf 78' lang='lat' dir='ltr'>gl,</span> <span class='ocrx_word' id='word_1_205' title='bbox 895 2639 985 2724; x_wconf 89' lang='lat' dir='ltr'>prius</span> <span class='ocrx_word' id='word_1_206' title='bbox 1008 2638 1220 2725; x_wconf 87' lang='lat' dir='ltr'>portitoribus</span> <span class='ocrx_word' id='word_1_207' title='bbox 1249 2661 1308 2726; x_wconf 88' lang='lat' dir='ltr'>per</span> <span class='ocrx_word' id='word_1_208' title='bbox 1335 2641 1508 2705; x_wconf 74' lang='lat' dir='ltr'>sadonem</span> <span class='ocrx_word' id='word_1_209' title='bbox 1540 2640 1674 2729; x_wconf 88' lang='lat' dir='ltr'>deputa·</span> 
     </span>
     <span class='ocr_line' id='line_1_23' title="bbox 247 2735 1393 2826; baseline -0.003 -22"><span class='ocrx_word' id='word_1_210' title='bbox 247 2751 309 2823; x_wconf 90' lang='lat' dir='ltr'>tos,</span> <span class='ocrx_word' id='word_1_211' title='bbox 327 2762 387 2826; x_wconf 89' lang='lat' dir='ltr'>pro</span> <span class='ocrx_word' id='word_1_212' title='bbox 410 2735 561 2802; x_wconf 88' lang='lat' dir='ltr'>uberiore</span> <span class='ocrx_word' id='word_1_213' title='bbox 583 2758 692 2801; x_wconf 91' lang='lat' dir='ltr'>eorum</span> <span class='ocrx_word' id='word_1_214' title='bbox 714 2735 939 2801; x_wconf 87' lang='lat' dir='ltr'>consolacione</span> <span class='ocrx_word' id='word_1_215' title='bbox 960 2747 1099 2824; x_wconf 84' lang='lat' dir='ltr'>quatuor</span> <span class='ocrx_word' id='word_1_216' title='bbox 1120 2738 1166 2824; x_wconf 75' lang='lat' dir='ltr'>gl:</span> <span class='ocrx_word' id='word_1_217' title='bbox 1185 2737 1393 2803; x_wconf 88' lang='lat' dir='ltr'>adderentur.</span> 
     </span>
     <span class='ocr_line' id='line_1_24' title="bbox 334 2834 1675 2905; baseline 0 -1"><span class='ocrx_word' id='word_1_218' title='bbox 334 2845 379 2904; x_wconf 87' lang='grc'>15.</span> <span class='ocrx_word' id='word_1_219' title='bbox 411 2838 491 2901; x_wconf 90' lang='lat' dir='ltr'>Item</span> <span class='ocrx_word' id='word_1_220' title='bbox 530 2858 614 2901; x_wconf 90' lang='lat' dir='ltr'>anno</span> <span class='ocrx_word' id='word_1_221' title='bbox 647 2834 769 2899; x_wconf 91' lang='lat' dir='ltr'>domini</span> <span class='ocrx_word' id='word_1_222' title='bbox 804 2841 883 2902; x_wconf 88' lang='grc'><strong>1474</strong></span> <span class='ocrx_word' id='word_1_223' title='bbox 915 2837 948 2898; x_wconf 91' lang='lat' dir='ltr'>in</span> <span class='ocrx_word' id='word_1_224' title='bbox 981 2838 1219 2901; x_wconf 89' lang='lat' dir='ltr'>convocacione</span> <span class='ocrx_word' id='word_1_225' title='bbox 1250 2836 1400 2902; x_wconf 87' lang='lat' dir='ltr'>aestivali</span> <span class='ocrx_word' id='word_1_226' title='bbox 1431 2839 1524 2905; x_wconf 88' lang='lat' dir='ltr'>circa</span> <span class='ocrx_word' id='word_1_227' title='bbox 1559 2839 1675 2904; x_wconf 86' lang='lat' dir='ltr'>festum</span> 
     </span>
     <span class='ocr_line' id='line_1_25' title="bbox 250 2933 1676 3023; baseline 0 -22"><span class='ocrx_word' id='word_1_228' title='bbox 250 2937 448 3001; x_wconf 86' lang='lat' dir='ltr'>ascensionis</span> <span class='ocrx_word' id='word_1_229' title='bbox 477 2939 520 3013; x_wconf 86' lang='lat' dir='ltr'>(d.</span> <span class='ocrx_word' id='word_1_230' title='bbox 551 2940 595 3021; x_wconf 76' lang='grc'>19.</span> <span class='ocrx_word' id='word_1_231' title='bbox 623 2938 703 3012; x_wconf 80' lang='lat' dir='ltr'>Mai)</span> <span class='ocrx_word' id='word_1_232' title='bbox 732 2933 918 2998; x_wconf 90' lang='lat' dir='ltr'>conclusum</span> <span class='ocrx_word' id='word_1_233' title='bbox 945 2935 1006 2997; x_wconf 83' lang='lat' dir='ltr'>fuit</span> <span class='ocrx_word' id='word_1_234' title='bbox 1033 2957 1091 3020; x_wconf 90' lang='lat' dir='ltr'>per</span> <span class='ocrx_word' id='word_1_235' title='bbox 1120 2937 1303 3019; x_wconf 79' lang='lat' dir='ltr'>necionem,</span> <span class='ocrx_word' id='word_1_236' title='bbox 1333 2937 1419 3023; x_wconf 91' lang='lat' dir='ltr'>quod</span> <span class='ocrx_word' id='word_1_237' title='bbox 1447 2935 1536 3003; x_wconf 85' lang='lat' dir='ltr'>ultra</span> <span class='ocrx_word' id='word_1_238' title='bbox 1566 2943 1607 3003; x_wconf 79' lang='lat'>20</span> <span class='ocrx_word' id='word_1_239' title='bbox 1636 2936 1676 3022; x_wconf 86' lang='lat' dir='ltr'>gl</span> 
     </span>
     <span class='ocr_line' id='line_1_26' title="bbox 205 3031 1674 3126; baseline -0.001 -24"><span class='ocrx_word' id='word_1_240' title='bbox 205 3036 482 3103; x_wconf 80' lang='lat' dir='ltr'>25addercntnr4</span> <span class='ocrx_word' id='word_1_241' title='bbox 505 3031 547 3118; x_wconf 91' lang='lat' dir='ltr'>gl.</span> <span class='ocrx_word' id='word_1_242' title='bbox 568 3035 643 3126; x_wconf 89' lang='lat' dir='ltr'>novi</span> <span class='ocrx_word' id='word_1_243' title='bbox 673 3042 704 3097; x_wconf 91' lang='lat' dir='ltr'>et</span> <span class='ocrx_word' id='word_1_244' title='bbox 725 3055 789 3097; x_wconf 92' lang='lat' dir='ltr'>non</span> <span class='ocrx_word' id='word_1_245' title='bbox 818 3033 958 3120; x_wconf 89' lang='lat' dir='ltr'>amplius</span> <span class='ocrx_word' id='word_1_246' title='bbox 985 3033 1197 3119; x_wconf 86' lang='lat' dir='ltr'>portitoribus</span> <span class='ocrx_word' id='word_1_247' title='bbox 1222 3034 1442 3120; x_wconf 83' lang='lat' dir='ltr'>candelarum,</span> <span class='ocrx_word' id='word_1_248' title='bbox 1468 3056 1531 3123; x_wconf 87' lang='lat' dir='ltr'>pro</span> <span class='ocrx_word' id='word_1_249' title='bbox 1559 3035 1674 3122; x_wconf 85' lang='lat' dir='ltr'>quibua</span> 
     </span>
     <span class='ocr_line' id='line_1_27' title="bbox 248 3130 1675 3221; baseline -0.001 -19"><span class='ocrx_word' id='word_1_250' title='bbox 248 3143 288 3203; x_wconf 79' lang='grc'>24</span> <span class='ocrx_word' id='word_1_251' title='bbox 309 3133 350 3221; x_wconf 93' lang='lat' dir='ltr'>gl.</span> <span class='ocrx_word' id='word_1_252' title='bbox 374 3141 563 3220; x_wconf 90' lang='lat' dir='ltr'>comparent</span> <span class='ocrx_word' id='word_1_253' title='bbox 583 3132 630 3196; x_wconf 90' lang='lat' dir='ltr'>eis</span> <span class='ocrx_word' id='word_1_254' title='bbox 653 3131 778 3197; x_wconf 88' lang='lat' dir='ltr'>calceos</span> <span class='ocrx_word' id='word_1_255' title='bbox 799 3142 856 3196; x_wconf 91' lang='lat' dir='ltr'>aut</span> <span class='ocrx_word' id='word_1_256' title='bbox 883 3130 1088 3197; x_wconf 89' lang='lat' dir='ltr'>collationem</span> <span class='ocrx_word' id='word_1_257' title='bbox 1117 3133 1239 3197; x_wconf 83' lang='lat' dir='ltr'>faciant</span> <span class='ocrx_word' id='word_1_258' title='bbox 1267 3145 1324 3199; x_wconf 88' lang='lat' dir='ltr'>aut</span> <span class='ocrx_word' id='word_1_259' title='bbox 1348 3135 1433 3200; x_wconf 87' lang='lat' dir='ltr'>inter</span> <span class='ocrx_word' id='word_1_260' title='bbox 1458 3157 1495 3200; x_wconf 88' lang='lat' dir='ltr'>ss</span> <span class='ocrx_word' id='word_1_261' title='bbox 1515 3134 1675 3218; x_wconf 73' lang='lat' dir='ltr'>dividant,</span> 
     </span>
     <span class='ocr_line' id='line_1_28' title="bbox 205 3229 1276 3320; baseline -0.011 -21"><span class='ocrx_word' id='word_1_262' title='bbox 205 3268 208 3273; x_wconf 38' lang='lat'><strong><em>⁹</em></strong></span> <span class='ocrx_word' id='word_1_263' title='bbox 247 3236 341 3299; x_wconf 90' lang='lat' dir='ltr'>sicuti</span> <span class='ocrx_word' id='word_1_264' title='bbox 362 3234 444 3320; x_wconf 91' lang='lat' dir='ltr'>ipsis</span> <span class='ocrx_word' id='word_1_265' title='bbox 464 3231 631 3319; x_wconf 83' lang='lat' dir='ltr'>placuerit</span> <span class='ocrx_word' id='word_1_266' title='bbox 1271 3229 1276 3238; x_wconf 90' lang='lat'>&#39;</span> 
     </span>
     <span class='ocr_line' id='line_1_29' title="bbox 332 3328 1674 3418; baseline 0 -18"><span class='ocrx_word' id='word_1_267' title='bbox 332 3339 378 3400; x_wconf 87' lang='lat'>16.</span> <span class='ocrx_word' id='word_1_268' title='bbox 407 3330 490 3396; x_wconf 91' lang='lat' dir='ltr'>Item</span> <span class='ocrx_word' id='word_1_269' title='bbox 511 3352 595 3395; x_wconf 91' lang='lat' dir='ltr'>anno</span> <span class='ocrx_word' id='word_1_270' title='bbox 618 3328 742 3395; x_wconf 92' lang='lat' dir='ltr'>domini</span> <span class='ocrx_word' id='word_1_271' title='bbox 765 3335 844 3396; x_wconf 85' lang='grc'><strong>1475</strong></span> <span class='ocrx_word' id='word_1_272' title='bbox 871 3331 906 3393; x_wconf 83' lang='grc'>10</span> <span class='ocrx_word' id='word_1_273' title='bbox 928 3331 1167 3396; x_wconf 88' lang='lat' dir='ltr'>convocacione</span> <span class='ocrx_word' id='word_1_274' title='bbox 1188 3333 1419 3418; x_wconf 89' lang='lat' dir='ltr'>magistrorum</span> <span class='ocrx_word' id='word_1_275' title='bbox 1445 3334 1597 3399; x_wconf 88' lang='lat' dir='ltr'>nacionis</span> <span class='ocrx_word' id='word_1_276' title='bbox 1615 3334 1674 3399; x_wconf 88' lang='lat' dir='ltr'>Ba·</span> 
     </span>
     <span class='ocr_line' id='line_1_30' title="bbox 247 3420 1676 3517; baseline 0.002 -21"><span class='ocrx_word' id='word_1_277' title='bbox 247 3454 400 3498; x_wconf 77' lang='lat' dir='ltr'>vasorum</span> <span class='ocrx_word' id='word_1_278' title='bbox 429 3430 614 3496; x_wconf 89' lang='lat' dir='ltr'>conclusum</span> <span class='ocrx_word' id='word_1_279' title='bbox 641 3429 703 3493; x_wconf 92' lang='lat' dir='ltr'>fuit</span> <span class='ocrx_word' id='word_1_280' title='bbox 731 3429 934 3493; x_wconf 89' lang='lat' dir='ltr'>concorditer</span> <span class='ocrx_word' id='word_1_281' title='bbox 962 3452 1020 3516; x_wconf 90' lang='lat' dir='ltr'>per</span> <span class='ocrx_word' id='word_1_282' title='bbox 1049 3453 1159 3495; x_wconf 91' lang='lat' dir='ltr'>omnes</span> <span class='ocrx_word' id='word_1_283' title='bbox 1186 3434 1374 3517; x_wconf 90' lang='lat' dir='ltr'>magistros,</span> <span class='ocrx_word' id='word_1_284' title='bbox 1402 3420 1492 3499; x_wconf 80' lang='lat' dir='ltr'>nullo</span> <span class='ocrx_word' id='word_1_285' title='bbox 1515 3432 1676 3499; x_wconf 81' lang='lat' dir='ltr'>contradi·</span> 
     </span>
     <span class='ocr_line' id='line_1_31' title="bbox 184 3527 1676 3619; baseline 0.001 -22"><span class='ocrx_word' id='word_1_286' title='bbox 184 3541 355 3614; x_wconf 80' lang='lat' dir='ltr'>·3tlcente,</span> <span class='ocrx_word' id='word_1_287' title='bbox 386 3529 472 3617; x_wconf 90' lang='lat' dir='ltr'>quod</span> <span class='ocrx_word' id='word_1_288' title='bbox 500 3551 628 3593; x_wconf 85' lang='lat' dir='ltr'>summa</span> <span class='ocrx_word' id='word_1_289' title='bbox 654 3527 865 3615; x_wconf 86' lang='lat' dir='ltr'>portitoribus</span> <span class='ocrx_word' id='word_1_290' title='bbox 891 3529 1098 3595; x_wconf 87' lang='lat' dir='ltr'>candelarum</span> <span class='ocrx_word' id='word_1_291' title='bbox 1126 3553 1211 3595; x_wconf 90' lang='lat' dir='ltr'>anno</span> <span class='ocrx_word' id='word_1_292' title='bbox 1232 3533 1407 3616; x_wconf 86' lang='lat' dir='ltr'>praeterito</span> <span class='ocrx_word' id='word_1_293' title='bbox 1429 3531 1588 3619; x_wconf 82' lang='lat' dir='ltr'>deputata</span> <span class='ocrx_word' id='word_1_294' title='bbox 1612 3555 1676 3599; x_wconf 79' lang='lat' dir='ltr'>ma·</span> 
     </span>
     <span class='ocr_line' id='line_1_32' title="bbox 140 3626 701 3713; baseline -0.009 -16"><span class='ocrx_word' id='word_1_295' title='bbox 140 3681 142 3683; x_wconf 48' lang='lat'>&gt;</span> <span class='ocrx_word' id='word_1_296' title='bbox 247 3639 336 3712; x_wconf 88' lang='lat' dir='ltr'>neat,</span> <span class='ocrx_word' id='word_1_297' title='bbox 358 3627 540 3694; x_wconf 79' lang='grc'><strong>0011100124</strong></span> <span class='ocrx_word' id='word_1_298' title='bbox 562 3626 604 3713; x_wconf 88' lang='lat' dir='ltr'>gl.</span> <span class='ocrx_word' id='word_1_299' title='bbox 625 3649 701 3694; x_wconf 89' lang='lat' dir='ltr'>nov.</span> 
     </span>
     <span class='ocr_line' id='line_1_33' title="bbox 330 3726 1677 3817; baseline 0.001 -23"><span class='ocrx_word' id='word_1_300' title='bbox 330 3735 377 3794; x_wconf 91' lang='grc'>17.</span> <span class='ocrx_word' id='word_1_301' title='bbox 407 3727 488 3792; x_wconf 90' lang='lat' dir='ltr'>Item</span> <span class='ocrx_word' id='word_1_302' title='bbox 520 3748 605 3791; x_wconf 92' lang='lat' dir='ltr'>anno</span> <span class='ocrx_word' id='word_1_303' title='bbox 636 3726 750 3792; x_wconf 89' lang='lat' dir='ltr'>eodem</span> <span class='ocrx_word' id='word_1_304' title='bbox 777 3727 872 3792; x_wconf 87' lang='lat' dir='ltr'>nscio</span> <span class='ocrx_word' id='word_1_305' title='bbox 902 3728 1071 3816; x_wconf 90' lang='lat' dir='ltr'>deputavit</span> <span class='ocrx_word' id='word_1_306' title='bbox 1101 3727 1267 3794; x_wconf 91' lang='lat' dir='ltr'>dominum</span> <span class='ocrx_word' id='word_1_307' title='bbox 1298 3728 1463 3795; x_wconf 90' lang='lat' dir='ltr'>doctorem</span> <span class='ocrx_word' id='word_1_308' title='bbox 1495 3729 1677 3817; x_wconf 78' lang='lat' dir='ltr'>Rau&#39;spona</span> 
     </span>
     <span class='ocr_line' id='line_1_34' title="bbox 246 3825 839 3915; baseline -0.005 -23"><span class='ocrx_word' id='word_1_309' title='bbox 246 3850 306 3915; x_wconf 93' lang='lat' dir='ltr'>pro</span> <span class='ocrx_word' id='word_1_310' title='bbox 328 3826 534 3891; x_wconf 88' lang='lat' dir='ltr'>conficiendis</span> <span class='ocrx_word' id='word_1_311' title='bbox 554 3825 647 3891; x_wconf 91' lang='lat' dir='ltr'>novis</span> <span class='ocrx_word' id='word_1_312' title='bbox 670 3825 839 3890; x_wconf 79' lang='lat' dir='ltr'>candolis..</span> 
     </span>
     <span class='ocr_line' id='line_1_35' title="bbox 334 3923 1674 4013; baseline 0.001 -22"><span class='ocrx_word' id='word_1_313' title='bbox 334 3933 379 3994; x_wconf 88' lang='grc'><strong>18.</strong></span> <span class='ocrx_word' id='word_1_314' title='bbox 409 3926 490 3989; x_wconf 90' lang='lat' dir='ltr'>Item</span> <span class='ocrx_word' id='word_1_315' title='bbox 522 3947 606 3989; x_wconf 92' lang='lat' dir='ltr'>anno</span> <span class='ocrx_word' id='word_1_316' title='bbox 634 3925 755 3988; x_wconf 91' lang='lat' dir='ltr'>domini</span> <span class='ocrx_word' id='word_1_317' title='bbox 782 3923 953 3990; x_wconf 89' lang='lat' dir='ltr'>millesimo</span> <span class='ocrx_word' id='word_1_318' title='bbox 982 3927 1302 4012; x_wconf 88' lang='lat' dir='ltr'>quadringentesimo</span> <span class='ocrx_word' id='word_1_319' title='bbox 1328 3929 1674 4013; x_wconf 83' lang='lat' dir='ltr'>septuagesimosexto,</span> 
     </span>
     <span class='ocr_line' id='line_1_36' title="bbox 203 4023 1678 4114; baseline -0.001 -20"><span class='ocrx_word' id='word_1_320' title='bbox 203 4029 281 4094; x_wconf 75' lang='lat' dir='ltr'>sain</span> <span class='ocrx_word' id='word_1_321' title='bbox 310 4025 546 4091; x_wconf 87' lang='lat' dir='ltr'>convocacione</span> <span class='ocrx_word' id='word_1_322' title='bbox 574 4023 719 4088; x_wconf 90' lang='lat' dir='ltr'>nacionis</span> <span class='ocrx_word' id='word_1_323' title='bbox 747 4025 781 4087; x_wconf 94' lang='lat' dir='ltr'>in</span> <span class='ocrx_word' id='word_1_324' title='bbox 810 4023 971 4089; x_wconf 88' lang='lat' dir='ltr'>dominica</span> <span class='ocrx_word' id='word_1_325' title='bbox 997 4026 1082 4090; x_wconf 77' lang='lat' dir='ltr'>infra</span> <span class='ocrx_word' id='word_1_326' title='bbox 1107 4035 1239 4090; x_wconf 86' lang='lat' dir='ltr'>octavas</span> <span class='ocrx_word' id='word_1_327' title='bbox 1267 4027 1477 4108; x_wconf 86' lang='lat' dir='ltr'>ascensionis,</span> <span class='ocrx_word' id='word_1_328' title='bbox 1508 4048 1597 4114; x_wconf 81' lang='lat' dir='ltr'>quae</span> <span class='ocrx_word' id='word_1_329' title='bbox 1617 4028 1678 4093; x_wconf 80' lang='lat' dir='ltr'>luit</span> 
     </span>
     <span class='ocr_line' id='line_1_37' title="bbox 248 4121 1676 4211; baseline 0 -20"><span class='ocrx_word' id='word_1_330' title='bbox 248 4128 282 4191; x_wconf 91' lang='lat' dir='ltr'>in</span> <span class='ocrx_word' id='word_1_331' title='bbox 304 4124 446 4189; x_wconf 86' lang='lat' dir='ltr'>crastino</span> <span class='ocrx_word' id='word_1_332' title='bbox 468 4121 596 4188; x_wconf 90' lang='lat' dir='ltr'>Urbani</span> <span class='ocrx_word' id='word_1_333' title='bbox 619 4127 716 4200; x_wconf 85' lang='grc'><strong>(1476</strong></span> <span class='ocrx_word' id='word_1_334' title='bbox 736 4128 793 4185; x_wconf 80' lang='lat' dir='ltr'>dea</span> <span class='ocrx_word' id='word_1_335' title='bbox 817 4129 868 4190; x_wconf 78' lang='grc'>16.</span> <span class='ocrx_word' id='word_1_336' title='bbox 890 4127 973 4200; x_wconf 77' lang='lat' dir='ltr'>Mai)</span> <span class='ocrx_word' id='word_1_337' title='bbox 1000 4134 1185 4211; x_wconf 89' lang='lat' dir='ltr'>computum</span> <span class='ocrx_word' id='word_1_338' title='bbox 1213 4125 1321 4190; x_wconf 86' lang='lat' dir='ltr'>facere</span> <span class='ocrx_word' id='word_1_339' title='bbox 1351 4122 1535 4190; x_wconf 88' lang='lat' dir='ltr'>debuerunt</span> <span class='ocrx_word' id='word_1_340' title='bbox 1561 4125 1676 4191; x_wconf 63' lang='lat' dir='ltr'>ande</span> 
     </span>
     <span class='ocr_line' id='line_1_38' title="bbox 246 4220 1677 4311; baseline -0.001 -21"><span class='ocrx_word' id='word_1_341' title='bbox 246 4225 332 4306; x_wconf 90' lang='lat' dir='ltr'>larii,</span> <span class='ocrx_word' id='word_1_342' title='bbox 359 4221 483 4287; x_wconf 90' lang='lat' dir='ltr'>scilicet</span> <span class='ocrx_word' id='word_1_343' title='bbox 508 4221 658 4306; x_wconf 89' lang='lat' dir='ltr'>magistri</span> <span class='ocrx_word' id='word_1_344' title='bbox 682 4220 843 4287; x_wconf 87' lang='lat' dir='ltr'>Iohannes</span> <span class='ocrx_word' id='word_1_345' title='bbox 863 4222 1048 4309; x_wconf 79' lang='lat' dir='ltr'>Marpurglr</span> <span class='ocrx_word' id='word_1_346' title='bbox 1074 4234 1106 4288; x_wconf 91' lang='grc'>01</span> <span class='ocrx_word' id='word_1_347' title='bbox 1126 4222 1341 4289; x_wconf 90' lang='lat' dir='ltr'>Leonbardus</span> <span class='ocrx_word' id='word_1_348' title='bbox 1367 4222 1409 4288; x_wconf 87' lang='lat' dir='ltr'>de</span> <span class='ocrx_word' id='word_1_349' title='bbox 1428 4222 1621 4311; x_wconf 79' lang='lat' dir='ltr'>Lawingen,</span> <span class='ocrx_word' id='word_1_350' title='bbox 1646 4232 1677 4289; x_wconf 86' lang='lat' dir='ltr'>et</span> 
     </span>
     <span class='ocr_line' id='line_1_39' title="bbox 247 4318 1675 4410; baseline -0.001 -20"><span class='ocrx_word' id='word_1_351' title='bbox 247 4324 354 4390; x_wconf 89' lang='lat' dir='ltr'>nullus</span> <span class='ocrx_word' id='word_1_352' title='bbox 376 4343 487 4387; x_wconf 92' lang='lat' dir='ltr'>eorum</span> <span class='ocrx_word' id='word_1_353' title='bbox 506 4318 690 4406; x_wconf 88' lang='lat' dir='ltr'>comparuit</span> <span class='ocrx_word' id='word_1_354' title='bbox 714 4342 775 4385; x_wconf 89' lang='lat' dir='ltr'>nec</span> <span class='ocrx_word' id='word_1_355' title='bbox 800 4322 1059 4387; x_wconf 87' lang='lat' dir='ltr'>commissionem</span> <span class='ocrx_word' id='word_1_356' title='bbox 1085 4325 1162 4388; x_wconf 85' lang='lat' dir='ltr'>fecit</span> <span class='ocrx_word' id='word_1_357' title='bbox 1186 4346 1229 4388; x_wconf 85' lang='lat' dir='ltr'>ex</span> <span class='ocrx_word' id='word_1_358' title='bbox 1254 4332 1347 4410; x_wconf 89' lang='lat' dir='ltr'>parte</span> <span class='ocrx_word' id='word_1_359' title='bbox 1376 4321 1565 4389; x_wconf 88' lang='lat' dir='ltr'>huiusmodi</span> <span class='ocrx_word' id='word_1_360' title='bbox 1592 4344 1675 4389; x_wconf 88' lang='lat' dir='ltr'>com·</span> 
     </span>
     <span class='ocr_line' id='line_1_40' title="bbox 248 4420 1676 4511; baseline 0 -22"><span class='ocrx_word' id='word_1_361' title='bbox 248 4427 327 4511; x_wconf 83' lang='lat' dir='ltr'>puti</span> <span class='ocrx_word' id='word_1_362' title='bbox 369 4420 414 4485; x_wconf 85' lang='lat' dir='ltr'>Et</span> <span class='ocrx_word' id='word_1_363' title='bbox 436 4421 514 4508; x_wconf 90' lang='lat' dir='ltr'>quia</span> <span class='ocrx_word' id='word_1_364' title='bbox 533 4429 611 4484; x_wconf 89' lang='lat' dir='ltr'>tunc</span> <span class='ocrx_word' id='word_1_365' title='bbox 629 4420 664 4483; x_wconf 92' lang='lat' dir='ltr'>iu</span> <span class='ocrx_word' id='word_1_366' title='bbox 684 4421 823 4505; x_wconf 88' lang='lat' dir='ltr'>registro</span> <span class='ocrx_word' id='word_1_367' title='bbox 845 4422 986 4487; x_wconf 85' lang='lat' dir='ltr'>nationis</span> <span class='ocrx_word' id='word_1_368' title='bbox 1008 4420 1144 4508; x_wconf 90' lang='lat' dir='ltr'>bapireo</span> <span class='ocrx_word' id='word_1_369' title='bbox 1162 4425 1286 4509; x_wconf 88' lang='lat' dir='ltr'>reperti</span> <span class='ocrx_word' id='word_1_370' title='bbox 1303 4424 1434 4489; x_wconf 78' lang='lat' dir='ltr'>fluerunt</span> <span class='ocrx_word' id='word_1_371' title='bbox 1453 4424 1576 4509; x_wconf 81' lang='lat' dir='ltr'>signati</span> <span class='ocrx_word' id='word_1_372' title='bbox 1596 4423 1676 4489; x_wconf 77' lang='lat' dir='ltr'>certi</span> 
     </span>
     <span class='ocr_line' id='line_1_41' title="bbox 202 4517 1675 4609; baseline -0.001 -21"><span class='ocrx_word' id='word_1_373' title='bbox 202 4532 436 4598; x_wconf 67' lang='lat' dir='ltr'>adnumerari,</span> <span class='ocrx_word' id='word_1_374' title='bbox 462 4517 619 4604; x_wconf 90' lang='lat' dir='ltr'>aquibus</span> <span class='ocrx_word' id='word_1_375' title='bbox 635 4566 742 4582; x_wconf 93' lang='grc'><strong>.....</strong></span> <span class='ocrx_word' id='word_1_376' title='bbox 758 4517 806 4599; x_wconf 72' lang='lat' dir='ltr'>(P)</span> <span class='ocrx_word' id='word_1_377' title='bbox 830 4541 850 4584; x_wconf 91' lang='lat' dir='ltr'>a</span> <span class='ocrx_word' id='word_1_378' title='bbox 870 4518 1015 4585; x_wconf 88' lang='lat' dir='ltr'>candelis</span> <span class='ocrx_word' id='word_1_379' title='bbox 1037 4540 1085 4585; x_wconf 68' lang='lat' dir='ltr'>mn</span> <span class='ocrx_word' id='word_1_380' title='bbox 1105 4520 1147 4608; x_wconf 87' lang='lat' dir='ltr'>gl.</span> <span class='ocrx_word' id='word_1_381' title='bbox 1173 4543 1248 4587; x_wconf 90' lang='lat' dir='ltr'>nov.</span> <span class='ocrx_word' id='word_1_382' title='bbox 1273 4531 1306 4587; x_wconf 87' lang='lat' dir='ltr'>et</span> <span class='ocrx_word' id='word_1_383' title='bbox 1333 4522 1374 4587; x_wconf 88' lang='lat' dir='ltr'>de</span> <span class='ocrx_word' id='word_1_384' title='bbox 1400 4521 1508 4609; x_wconf 86' lang='lat' dir='ltr'>spolio</span> <span class='ocrx_word' id='word_1_385' title='bbox 1534 4523 1675 4589; x_wconf 82' lang='lat' dir='ltr'>nationis</span> 
     </span>
     <span class='ocr_line' id='line_1_42' title="bbox 247 4616 1674 4708; baseline 0.001 -22"><span class='ocrx_word' id='word_1_386' title='bbox 247 4640 321 4686; x_wconf 83' lang='lat' dir='ltr'>xxx</span> <span class='ocrx_word' id='word_1_387' title='bbox 349 4621 393 4707; x_wconf 92' lang='lat' dir='ltr'>gl.</span> <span class='ocrx_word' id='word_1_388' title='bbox 423 4642 496 4685; x_wconf 92' lang='lat' dir='ltr'>nov.</span> <span class='ocrx_word' id='word_1_389' title='bbox 536 4616 581 4682; x_wconf 87' lang='lat' dir='ltr'>Et</span> <span class='ocrx_word' id='word_1_390' title='bbox 608 4617 649 4682; x_wconf 91' lang='lat' dir='ltr'>de</span> <span class='ocrx_word' id='word_1_391' title='bbox 676 4619 740 4682; x_wconf 89' lang='lat' dir='ltr'>ista</span> <span class='ocrx_word' id='word_1_392' title='bbox 768 4641 894 4684; x_wconf 90' lang='lat' dir='ltr'>summa</span> <span class='ocrx_word' id='word_1_393' title='bbox 920 4619 1011 4685; x_wconf 89' lang='lat' dir='ltr'>totali</span> <span class='ocrx_word' id='word_1_394' title='bbox 1040 4629 1165 4685; x_wconf 74' lang='lat' dir='ltr'>unum</span> <span class='ocrx_word' id='word_1_395' title='bbox 1194 4626 1213 4686; x_wconf 92' lang='grc'><strong>4</strong></span> <span class='ocrx_word' id='word_1_396' title='bbox 1240 4620 1283 4707; x_wconf 87' lang='lat' dir='ltr'>gl.</span> <span class='ocrx_word' id='word_1_397' title='bbox 1312 4643 1385 4688; x_wconf 89' lang='lat' dir='ltr'>nov.</span> <span class='ocrx_word' id='word_1_398' title='bbox 1412 4642 1474 4708; x_wconf 88' lang='lat' dir='ltr'>per</span> <span class='ocrx_word' id='word_1_399' title='bbox 1499 4620 1674 4687; x_wconf 84' lang='lat' dir='ltr'>Iohannem</span> 
     </span>
     <span class='ocr_line' id='line_1_43' title="bbox 248 4717 1673 4807; baseline -0.001 -20"><span class='ocrx_word' id='word_1_400' title='bbox 248 4722 418 4807; x_wconf 88' lang='lat' dir='ltr'>Ottingam</span> <span class='ocrx_word' id='word_1_401' title='bbox 440 4718 640 4806; x_wconf 87' lang='lat' dir='ltr'>praesentati</span> <span class='ocrx_word' id='word_1_402' title='bbox 658 4717 943 4795; x_wconf 84' lang='lat' dir='ltr'>fueruntnationi.</span> <span class='ocrx_word' id='word_1_403' title='bbox 988 4718 1094 4806; x_wconf 84' lang='lat' dir='ltr'>Super</span> <span class='ocrx_word' id='word_1_404' title='bbox 1121 4719 1183 4784; x_wconf 92' lang='lat' dir='ltr'>hiis</span> <span class='ocrx_word' id='word_1_405' title='bbox 1211 4719 1393 4807; x_wconf 86' lang='lat' dir='ltr'>supradicti</span> <span class='ocrx_word' id='word_1_406' title='bbox 1418 4720 1600 4787; x_wconf 86' lang='lat' dir='ltr'>candelarii</span> <span class='ocrx_word' id='word_1_407' title='bbox 1620 4718 1673 4785; x_wconf 83' lang='lat' dir='ltr'>lra-</span> 
     </span>
     <span class='ocr_line' id='line_1_44' title="bbox 247 4815 1673 4906; baseline -0.001 -21"><span class='ocrx_word' id='word_1_408' title='bbox 247 4821 325 4885; x_wconf 90' lang='lat' dir='ltr'>bent</span> <span class='ocrx_word' id='word_1_409' title='bbox 349 4817 548 4906; x_wconf 90' lang='lat' dir='ltr'>respondere</span> <span class='ocrx_word' id='word_1_410' title='bbox 574 4817 708 4898; x_wconf 89' lang='lat' dir='ltr'>nationi,</span> <span class='ocrx_word' id='word_1_411' title='bbox 740 4815 780 4880; x_wconf 90' lang='lat' dir='ltr'>de</span> <span class='ocrx_word' id='word_1_412' title='bbox 802 4816 920 4902; x_wconf 90' lang='lat' dir='ltr'>quibus</span> <span class='ocrx_word' id='word_1_413' title='bbox 942 4817 1127 4904; x_wconf 83' lang='lat' dir='ltr'>providebit</span> <span class='ocrx_word' id='word_1_414' title='bbox 1147 4820 1241 4883; x_wconf 91' lang='lat' dir='ltr'>nacio</span> <span class='ocrx_word' id='word_1_415' title='bbox 1261 4829 1407 4906; x_wconf 88' lang='lat' dir='ltr'>tempore</span> <span class='ocrx_word' id='word_1_416' title='bbox 1429 4842 1497 4885; x_wconf 91' lang='lat' dir='ltr'>suo.</span> <span class='ocrx_word' id='word_1_417' title='bbox 1541 4819 1609 4886; x_wconf 83' lang='lat' dir='ltr'>Sed</span> <span class='ocrx_word' id='word_1_418' title='bbox 1635 4838 1673 4883; x_wconf 83' lang='lat' dir='ltr'>nc</span> 
     </span>
     <span class='ocr_line' id='line_1_45' title="bbox 244 4910 1670 5006; baseline 0.001 -22"><span class='ocrx_word' id='word_1_419' title='bbox 244 4923 277 4984; x_wconf 94' lang='lat' dir='ltr'>in</span> <span class='ocrx_word' id='word_1_420' title='bbox 304 4919 448 4983; x_wconf 85' lang='lat' dir='ltr'>futurum</span> <span class='ocrx_word' id='word_1_421' title='bbox 477 4915 597 4981; x_wconf 90' lang='lat' dir='ltr'>similia</span> <span class='ocrx_word' id='word_1_422' title='bbox 623 4916 823 5001; x_wconf 88' lang='lat' dir='ltr'>contingant,</span> <span class='ocrx_word' id='word_1_423' title='bbox 851 4915 974 5002; x_wconf 90' lang='lat' dir='ltr'>placuit</span> <span class='ocrx_word' id='word_1_424' title='bbox 992 4918 1116 4982; x_wconf 90' lang='lat' dir='ltr'>nationi</span> <span class='ocrx_word' id='word_1_425' title='bbox 1136 4917 1351 5002; x_wconf 87' lang='lat' dir='ltr'>concorditer,</span> <span class='ocrx_word' id='word_1_426' title='bbox 1377 4918 1466 5006; x_wconf 90' lang='lat' dir='ltr'>qnod</span> <span class='ocrx_word' id='word_1_427' title='bbox 1487 4910 1670 4998; x_wconf 69' lang='lat' dir='ltr'>madelmit</span> 
     </span>
     <span class='ocr_line' id='line_1_46' title="bbox 200 5013 1669 5107; baseline -0.001 -24"><span class='ocrx_word' id='word_1_428' title='bbox 200 5019 376 5084; x_wconf 76' lang='lat' dir='ltr'>ttinantea</span> <span class='ocrx_word' id='word_1_429' title='bbox 404 5014 596 5097; x_wconf 90' lang='lat' dir='ltr'>ordinandi,</span> <span class='ocrx_word' id='word_1_430' title='bbox 625 5013 811 5079; x_wconf 91' lang='lat' dir='ltr'>huiusmodi</span> <span class='ocrx_word' id='word_1_431' title='bbox 832 5015 1069 5101; x_wconf 88' lang='lat' dir='ltr'>negligenciam</span> <span class='ocrx_word' id='word_1_432' title='bbox 1089 5026 1309 5102; x_wconf 85' lang='lat' dir='ltr'>praecaveant</span> <span class='ocrx_word' id='word_1_433' title='bbox 1330 5015 1391 5082; x_wconf 91' lang='lat' dir='ltr'>sub</span> <span class='ocrx_word' id='word_1_434' title='bbox 1411 5040 1520 5105; x_wconf 86' lang='lat' dir='ltr'>poena</span> <span class='ocrx_word' id='word_1_435' title='bbox 1538 5026 1669 5107; x_wconf 87' lang='lat' dir='ltr'>protunc</span> 
     </span>
     <span class='ocr_line' id='line_1_47' title="bbox 156 5112 678 5203; baseline 0 -25"><span class='ocrx_word' id='word_1_436' title='bbox 156 5166 161 5178; x_wconf 93' lang='lat'>.</span> <span class='ocrx_word' id='word_1_437' title='bbox 241 5138 300 5203; x_wconf 91' lang='lat' dir='ltr'>per</span> <span class='ocrx_word' id='word_1_438' title='bbox 322 5115 492 5180; x_wconf 89' lang='lat' dir='ltr'>nacionem</span> <span class='ocrx_word' id='word_1_439' title='bbox 514 5112 678 5178; x_wconf 82' lang='lat' dir='ltr'>dictanda</span> 
     </span>
    </p>
   </div>
   <div class='ocr_carea' id='block_1_3' title="bbox 0 0 1882 6152">
    <p class='ocr_par' dir='ltr' id='par_1_3' title="bbox 0 0 1882 6152">
     <span class='ocr_line' id='line_1_48' title="bbox 0 0 1882 6152; baseline 0 0"><span class='ocrx_word' id='word_1_440' title='bbox 0 0 1882 6152; x_wconf 95' lang='lat' dir='ltr'> </span> 
     </span>
    </p>
   </div>
  </div>
 </body>
</html>
