3810 6150
259 501 319 563 230
826 495 880 543 Das
898 493 986 542 klcinc
1004 493 1110 556 colleg.

259 690 316 762 tes,
346 687 529 766 respectum
557 688 588 742 ct
617 675 907 743 considerationem
936 698 1010 739 suos
1040 673 1082 738 ad
1113 695 1286 761 personam
1313 676 1443 760 ingenio
1469 675 1685 762 praeclaram,

260 779 506 845 conversatione
528 775 742 863 tractabilem,
763 774 909 840 moribus
929 784 962 839 et
979 775 1049 840 vita
1071 773 1370 856 commendabilem,
1388 774 1575 858 studiosam,
1597 776 1685 863 paci·

259 880 353 943 fleam
392 888 423 943 et
460 878 603 943 sobriam
638 899 678 942 ac
707 873 906 961 reipublicae
935 883 1001 938 tam
1032 875 1254 939 universitatis
1287 897 1383 961 quam
1417 873 1544 960 collegii
1575 875 1687 939 utilem

258 979 399 1043 habeant
421 987 453 1042 et
475 978 632 1062 dirigant,
658 985 695 1040 ut
720 976 767 1040 sic
794 996 835 1038 cx
862 973 1073 1039 laudabilium
1103 995 1144 1037 ac
1169 973 1441 1038 benemeritarum
1470 998 1687 1062 personarum

216 1087 232 1139 ⁵
260 1079 461 1164 promotione
491 1077 595 1142 honor
620 1074 738 1141 nedum
765 1075 971 1139 universitati
1000 1095 1113 1137 verum
1142 1075 1240 1138 etiam
1272 1072 1387 1158 gloria,
1416 1072 1524 1156 decus,
1554 1073 1625 1139 laus
1655 1083 1687 1138 et

258 1180 493 1242 incrementum
514 1178 579 1262 ipsi
601 1175 736 1260 collegio
759 1182 958 1259 procuretur.
981 1172 1025 1236 Et
1046 1172 1089 1237 ad
1108 1172 1184 1236 talis
1201 1195 1360 1259 personae
1377 1172 1565 1238 electionem
1585 1173 1687 1239 libere

260 1287 291 1341 ot
313 1279 382 1342 sine
403 1275 633 1363 impedimento
654 1275 748 1338 iuxta
768 1295 888 1336 novam
906 1273 1065 1359 principis
1086 1272 1364 1337 reformationem¹
1385 1272 1572 1358 procedant

285 1467 314 1527 3.
338 1457 400 1547 [Bl.
420 1456 472 1545 2³]
495 1477 541 1523 oa
562 1474 800 1552 merrnrrona
822 1473 908 1521 novi
928 1472 1140 1521 coturnum
1161 1474 1275 1523 oraro
1297 1475 1461 1523 'ramosa
1480 1475 1659 1523 marauna

736 1575 782 1620 ar
803 1572 897 1621 noco
918 1573 953 1621 m
974 1573 1202 1622 aserenanoo.

219 1703 250 1757 10
343 1690 489 1772 Quilibet
511 1699 698 1777 assumptus
722 1691 757 1753 in
780 1687 986 1775 collegiatum
1006 1687 1102 1754 huius
1123 1688 1253 1776 collegii
1273 1699 1400 1755 tenetur
1426 1699 1459 1755 et
1485 1689 1583 1755 debet
1602 1690 1692 1756 infra

150 1789 153 1798 '
258 1811 402 1856 mensem
425 1813 445 1855 a
466 1801 612 1876 tempore
639 1811 717 1854 suae
739 1789 971 1874 assumptionis
992 1787 1115 1854 intrare
1137 1788 1180 1853 ad
1201 1787 1309 1854 locum
1330 1812 1372 1854 ex
1394 1791 1524 1876 optione
1546 1790 1577 1854 ei
1599 1789 1688 1855 debi-

260 1903 326 1955 tum
346 1890 400 1954 vel
428 1888 661 1954 habitationem
682 1890 712 1952 ei
734 1910 793 1974 per
815 1886 986 1972 collegium
1012 1887 1253 1974 assignandam,
1285 1888 1345 1953 sub
1367 1911 1472 1975 poena
1495 1891 1703 1976 privationis

259 1990 500 2075 collegiaturae,
523 1990 585 2052 nisi
607 2010 666 2074 per
680 1987 850 2073 collegium
872 2008 945 2050 cum
965 1986 1024 2051 tali
1046 2010 1087 2051 ex
1109 1986 1296 2052 rationabili
1318 2011 1418 2053 causa
1438 1989 1536 2053 fuerit
1558 1988 1690 2075 dispen-

259 2100 379 2169 satum3
410 2086 570 2175 debetque
597 2087 672 2151 talis
699 2089 733 2150 in
756 2085 1041 2152 convocationibus
1069 2097 1101 2150 et
1127 2086 1276 2173 prandiis
1304 2086 1432 2173 collegii
1458 2087 1588 2153 ultimus
1616 2109 1690 2153 esse

218 2199 248 2254 15
258 2199 289 2253 et
309 2186 432 2253 haberi.

488 2345 517 2403 4.
544 2354 591 2400 DE
614 2352 901 2401 GONTRIBUTIONE
924 2353 988 2401 SEU
1009 2352 1166 2402 Damone:
1187 2354 1257 2402 PRO
1280 2354 1459 2403 STATU'I'IS.

286 2521 289 2524 ⁴
339 2469 460 2551 Placet,
483 2469 569 2553 quod
590 2466 724 2553 quilibet
744 2470 974 2553 magistrorum
987 2468 1028 2532 de
1048 2491 1133 2534 novo
1156 2468 1199 2533 ad
1221 2468 1392 2555 collegium
1413 2479 1600 2557 assumptus
1623 2469 1686 2538 sol·

258 2578 314 2632 vat
337 2569 422 2632 infra
443 2589 586 2632 mensem
610 2591 669 2633 suo
691 2568 889 2633 antecessori
910 2566 962 2632 vel
983 2568 1034 2632 sui
1056 2568 1318 2655 praedecessoris
1336 2569 1531 2634 haeredibus
1545 2581 1602 2634 aut
1618 2571 1688 2635 suis

258 2669 509 2733 testamentariis
530 2669 646 2753 viginti
670 2667 750 2732 duos
771 2666 910 2732 florenos
933 2668 968 2730 in
988 2661 1077 2750 auro,
1107 2667 1168 2732 sub
1196 2690 1301 2754 poena
1328 2670 1521 2756 privationis
1547 2667 1687 2755 collegii,

216 2779 340 2853 aequos
362 2767 502 2831 florenos
524 2766 609 2831 idem
630 2768 662 2830 in
685 2767 775 2830 cxitu
797 2788 854 2831 suo
875 2766 928 2830 vel
956 2787 994 2831 eo
1022 2766 1172 2831 defuncto
1204 2769 1253 2831 sui
1277 2767 1434 2833 haeredes
1456 2792 1476 2833 a
1498 2791 1687 2834 successore

260 2891 317 2932 suo
339 2864 510 2931 rehabebit
531 2875 587 2931 aut
608 2864 818 2932 rehabebunt.
862 2865 944 2929 Item
966 2864 1048 2930 duas
1077 2867 1227 2953 antiquas
1251 2890 1432 2954 sexagenas
1458 2891 1518 2954 pro
1548 2869 1688 2956 pecunia

259 2966 424 3031 cellariam
446 2964 575 3050 collegii
603 2973 817 3030 concernente
843 2963 1036 3046 contribuat,
1064 2967 1093 3030 si
1119 2966 1233 3030 saltem
1259 2966 1342 3032 lucri
1370 2967 1410 3032 de
1432 2968 1590 3033 cerevisia
1612 2990 1686 3055 pro·

259 3066 417 3130 venientis
440 3066 606 3152 particeps
629 3086 701 3129 esse
721 3063 871 3129 voluerit.
892 3064 974 3128 Item
996 3066 1172 3150 pincernae
1195 3066 1323 3152 collegii
1343 3078 1488 3153 tempore
1506 3068 1687 3133 vocationis

261 3186 338 3228 suaa
361 3163 454 3230 dabit
482 3187 581 3228 unum
602 3164 768 3242 florenum,
797 3162 836 3226 de
866 3183 929 3249 quo
958 3163 1079 3227 floreno
1109 3164 1200 3229 dabit
1224 3163 1287 3252 [2¹³]
1310 3166 1396 3230 idem
1425 3168 1581 3253 pincerna
1610 3189 1686 3234 coco

217 3264 313 3329 25vcl
328 3286 435 3328 ‘cocae
458 3265 598 3352 quinque
629 3284 762 3349 grossos
792 3270 824 3325 et
852 3262 992 3327 tertiano
1024 3261 1115 3328 duos.
1156 3264 1237 3329 Item
1260 3283 1296 3329 vr
1315 3265 1455 3331 florenos
1482 3289 1541 3354 pro
1570 3265 1685 3332 solatio

256 3365 496 3449 magistrorum.

584 3518 613 3576 5.
634 3529 681 3575 oa
701 3528 878 3577 nacanrm
899 3529 1072 3579 muronula
1092 3530 1351 3581 morsrnoauu.

342 3644 464 3727 Placet,
485 3645 572 3732 quod
594 3642 658 3709 duo
678 3645 828 3729 magistri
851 3647 992 3711 iuniores
1013 3669 1078 3711 non
1103 3646 1262 3712 sallariati
1282 3670 1341 3734 per
1361 3655 1532 3732 seregent
1552 3647 1687 3715 bursam

260 3747 328 3809 sive
349 3746 577 3810 conventoriao
605 3745 767 3829 praesint,
796 3745 884 3808 vices
913 3747 997 3810 inter
1025 3768 1059 3810 se
1090 3747 1225 3832 singulis
1248 3747 1478 3812 mutationibus
1508 3746 1686 3830 alterando,

216 3854 248 3909 :30
258 3845 321 3908 nisi
348 3868 408 3931 per
436 3842 608 3929 collegium
637 3866 709 3907 cum
737 3842 859 3907 eisdem
886 3853 943 3908 aut
973 3844 1075 3910 altero
1104 3869 1214 3910 eorum
1242 3848 1339 3911 fuerit
1367 3845 1601 3933 dispensatum.
1642 3847 1688 3913 Et

257 3944 339 4008 tales
370 3967 434 4007 non
465 3945 529 4007 sint
558 3943 683 4007 astricti
712 3941 755 4006 ad
782 3942 966 4028 ponendum
994 3944 1127 4009 bursam
1156 3945 1190 4009 in
1225 3947 1364 4031 coquina
1392 3944 1597 4012 dominorum
1630 3946 1688 4012 sed

259 4066 330 4108 cum
352 4043 519 4128 magistris
541 4043 729 4128 posterioris
750 4044 917 4128 coquinae,
938 4043 1002 4107 nisi
1024 4067 1084 4130 per
1105 4042 1275 4130 collegium
1298 4044 1338 4109 de
1358 4055 1390 4110 et
1410 4046 1687 4132 superpositione

258 4142 377 4207 bursae
399 4142 493 4209 aliter
513 4142 611 4206 fuerit
630 4141 822 4205 ordinatum.
1548 4174 1550 4178 ·

512 4341 514 4344 ’
600 4332 628 4391 6.
650 4343 698 4390 oa
720 4342 884 4390 rancore
906 4343 1112 4393 naacrrours
1133 4345 1347 4395 amarosrrr.
1661 4314 1704 4431 ι

216 4469 249 4524 35
342 4457 532 4544 Assumptio
566 4458 636 4522 sive
668 4458 782 4523 electio
813 4460 993 4545 praepositi
1031 4461 1196 4526 aestivalis
1228 4462 1299 4526 fieri
1330 4461 1425 4527 debet
1448 4486 1497 4529 *ac
1528 4463 1687 4530 celebrari

201 4569 204 4575 '
260 4556 404 4623 secunda
427 4558 510 4621 feria
530 4565 607 4643 poet
627 4557 822 4622 dominicam
843 4556 1036 4644 palmarum,
1057 4559 1204 4624 hiemalis
1228 4583 1305 4626 vero
1327 4562 1470 4627 secunda
1490 4565 1573 4628 feria
1594 4586 1686 4651 prae

260 4656 392 4721 cedente
415 4666 542 4722 sextam
564 4656 678 4722 feriam
700 4665 775 4720 ante
792 4656 908 4721 festina
929 4661 1031 4722 sancti
1044 4659 1204 4740 Mihaelis3
1227 4661 1336 4748 itaque
1350 4664 1579 4748 praepositura
1593 4664 1687 4729 aceti·

258 4757 340 4821 valis
369 4757 544 4843 incipiatur
572 4758 606 4819 in
635 4756 687 4820 die
715 4776 922 4844 parasceues,
950 4756 1097 4824 hiemalis
1125 4782 1205 4824 vero
1234 4770 1327 4825 sexta
1354 4762 1435 4825 l'eria
1463 4773 1537 4828 ante
1564 4763 1685 4834 dicham

258 4857 374 4921 festum
395 4859 499 4923 sancti
523 4856 682 4921 Mihaelis.

821 5034 856 5125 ὕ

337 5159 348 5209 1
368 5154 496 5212 Gemeint
513 5154 550 5209 ist
567 5154 705 5229 natiirlich
722 5154 767 5210 die
785 5172 848 5210 vom
865 5153 953 5210 Jahre
976 5160 1047 5212 1496.
1066 5156 1129 5227 Vgl.
1149 5157 1219 5213 oben
1241 5164 1280 5225 19,
1298 5161 1329 5212 37
1342 5156 1381 5228 fg.
