3756 6158
247 475 307 538 570
343 433 345 438 Δ
759 472 809 522 Die
828 471 1012 537 theologisehe
1030 471 1157 524 Facultist.
1190 539 1192 545 Ι

248 678 321 720 rum
342 653 422 719 fiant
444 655 512 719 sine
531 653 713 719 ambitiosis
736 654 964 719 certaminibus
987 651 1125 718 candide
1140 661 1174 718 et
1194 652 1334 740 placide,
1355 675 1433 719 nam
1447 652 1536 720 bunc
1549 663 1668 720 coetum

246 754 460 840 theologicum
481 754 623 817 maxime
644 753 737 818 decet
758 776 828 818 esse
850 753 1118 835 aristocraticum,
1148 752 1272 839 gloriae
1300 752 1363 837 dei,
1391 753 1552 819 ecelesiae
1578 752 1669 819 saluti

246 863 278 920 et
298 851 522 942 tranquillitati
544 874 621 917 vere
641 860 673 918 et
691 875 732 917 ex
753 855 860 918 animo
880 853 1083 918 servientem.

814 1052 1100 1102 Dlsruraruorms.

206 1178 222 1233 5
858 1173 964 1237 Caput
980 1173 1056 1224 1111.

328 1286 504 1372 Disputent
525 1286 624 1351 etiam
646 1286 708 1351 hoc
730 1286 842 1353 ordine
864 1287 1013 1354 doctores
1034 1288 1226 1374 theologiae,
1252 1296 1288 1352 ut
1314 1285 1452 1374 singulis
1481 1287 1557 1351 anni
1586 1309 1668 1351 men·

247 1385 335 1451 sibus
357 1408 422 1449 una
441 1385 499 1449 fiat
519 1384 650 1472 publica
672 1385 859 1473 disputatio,
886 1386 1158 1473 quemadmodum
1184 1387 1340 1452 hactenus
1363 1388 1575 1452 constitutum
1594 1387 1667 1467 linit,

247 1493 280 1548 et
311 1494 478 1549 sumantur
506 1488 662 1550 materiae
690 1485 906 1571 theologicae,
938 1487 1032 1552 utiles
1062 1486 1105 1552 ad
1134 1487 1327 1552 erudiendos
1357 1486 1533 1552 auditores.
1576 1487 1668 1573 Ipsae

246 1606 323 1649 vero
352 1585 507 1648 materiae
536 1586 727 1672 priusquam
757 1596 989 1673 proponantur,
1021 1586 1231 1653 ostendantur
1258 1587 1380 1652 decano
1408 1586 1506 1651 huius
1535 1584 1667 1671 collegii,

213 1693 244 1748 10
254 1684 308 1768 qui
330 1685 354 1747 si
378 1683 456 1770 quid
477 1683 685 1771 improbabit,
708 1685 817 1749 iubeat
838 1687 969 1772 corrigi.
1004 1686 1039 1752 si
1061 1688 1133 1771 quis
1154 1695 1261 1752 autem
1280 1685 1333 1750 vel
1352 1709 1418 1751 non
1439 1685 1601 1768 ostendat,
1622 1684 1670 1749 vel

249 1785 355 1847 iussus
385 1806 450 1850 non
479 1786 639 1870 corrigat,
672 1796 779 1851 rector
808 1795 840 1850 et
867 1784 1009 1851 decanus
1038 1786 1171 1852 iubeant
1199 1786 1322 1851 differri
1354 1784 1612 1872 disputationem
1637 1787 1669 1850 in

249 1882 337 1948 aliud
360 1891 499 1970 tempus,
522 1893 553 1948 et
574 1887 812 1971 propositiones
834 1887 926 1972 prius
948 1887 980 1950 in
1001 1895 1067 1951 toto
1087 1885 1222 1972 collegio
1242 1887 1476 1951 examinentur.

326 2000 494 2082 Volumus,
517 2001 603 2064 etin
625 2001 893 2067 extraordinariis
915 2002 1198 2090 disputationibus,
1226 2024 1308 2091 quae
1336 2024 1396 2090 per
1424 2002 1574 2090 singulas
1595 2001 1669 2068 heb

247 2099 403 2165 domades
430 2100 525 2184 fiunt,
553 2122 614 2187 par
641 2100 783 2166 studium
805 2111 836 2165 et
858 2100 1059 2187 diligentiam
1079 2100 1234 2189 impendi,
1255 2124 1320 2186 qua
1344 2111 1415 2166 tota
1440 2102 1476 2166 in
1499 2125 1535 2167 re
1557 2112 1588 2166 et
1609 2101 1669 2166 dis·

206 2208 237 2263 lt
247 2199 383 2286 putandi
406 2200 532 2265 ratione
553 2202 582 2264 si
608 2200 686 2286 quid
714 2201 820 2264 inesse
841 2202 912 2265 vitii
941 2211 1162 2287 cognoscetur,
1189 2203 1307 2287 poterit
1335 2200 1454 2266 dehinc
1482 2200 1669 2267 conmodius

244 2300 406 2364 constitui.

329 2397 456 2464 Placuit
482 2409 588 2464 autem
617 2398 669 2464 his
696 2400 894 2487 temporibus
924 2423 989 2465 non
1020 2398 1108 2464 leves
1137 2400 1178 2465 ob
1208 2421 1323 2465 causas
1354 2399 1596 2488 disputationes
1625 2400 1669 2463 sie

247 2497 408 2582 ordinare,
439 2509 474 2564 ut
496 2501 594 2563 etiam
615 2497 785 2587 discipulis
812 2497 984 2584 theologici
1007 2499 1105 2563 studii
1130 2509 1274 2586 potestas
1303 2498 1395 2564 fieret
1424 2499 1467 2564 de
1488 2501 1667 2587 propositis

245 2597 396 2663 thematis
419 2596 602 2686 quaerendi.
644 2599 689 2664 lis
716 2601 816 2684 igitur
838 2601 1058 2684 argumentari
1078 2598 1260 2663 volentibus
1288 2597 1376 2664 locus
1406 2609 1482 2664 ante
1504 2599 1560 2664 vel
1588 2601 1670 2664 intra

205 2699 423 2783 ²0magistros
445 2697 574 2763 dabitur
595 2719 615 2762 a
638 2697 844 2785 praesidente
866 2696 1078 2784 disputationi
1102 2696 1392 2763 extraordinariae.
1428 2697 1503 2779 Quo
1527 2701 1669 2764 instituto

247 2795 334 2883 quod
356 2798 439 2863 forte
460 2799 608 2885 praemia
633 2796 826 2882 quibusdam
848 2797 1014 2882 magistris
1042 2795 1199 2862 decedere
1225 2808 1371 2885 possent,
1401 2821 1504 2885 opera
1533 2797 1669 2879 dabitur,

246 2906 281 2961 ut
302 2897 412 2982 aliqua
432 2898 558 2961 ratione
581 2896 636 2961 illa
656 2897 801 2962 decessio
824 2907 1059 2984 compensetur.

332 3029 393 3118 [Bl.
415 3028 468 3116 3⁸}
498 3030 675 3095 Praeterea
695 3032 728 3095 in
750 3028 1023 3117 disputationibus
1051 3028 1226 3095 ordinariis
1255 3029 1316 3095 hoc
1344 3031 1544 3113 servabitur,
1570 3043 1617 3112 ut,
1645 3032 1669 3094 si

246 3129 435 3217 magnitudo
458 3133 585 3218 negocii
606 3132 738 3218 exigere
762 3127 921 3223 videatur,
949 3153 1014 3195 non
1038 3130 1140 3196 solnm
1163 3140 1237 3195 ante
1264 3129 1322 3194 sed
1350 3131 1451 3194 etiam
1480 3141 1557 3217 post
1581 3133 1667 3195 meri·

205 3230 334 3296 25diem
363 3229 597 3318 disputationes
627 3230 713 3295 fiant.
756 3228 839 3294 Tum
867 3241 972 3294 autem
999 3229 1187 3316 magnitudo
1215 3229 1342 3315 negocii
1372 3229 1500 3315 exiget,
1533 3253 1605 3295 cum
1631 3227 1667 3292 ad

246 3333 407 3396 rationum
434 3353 563 3395 suarum
594 3329 843 3416 explicationem
870 3352 936 3393 non
963 3327 1112 3393 omnibus
1141 3328 1231 3394 locus
1260 3351 1331 3393 esse
1360 3331 1492 3416 poterit
1535 3330 1584 3394 Ne
1603 3330 1666 3414 quis

247 3432 346 3517 igitur
379 3431 580 3514 excludatur,
616 3425 744 3519 quoque
777 3427 962 3515 diligentius
994 3429 1102 3493 omnia
1131 3429 1346 3510 excutiantur,
1380 3429 1569 3493 intermissa
1600 3438 1665 3491 ante

248 3531 415 3645 meridiem
435 3531 613 3619 disputatio
636 3540 712 3616 post
732 3538 907 3615 repetatur.

698 3728 896 3776 DOGMATUM
917 3727 1211 3776 CONTROVERSIAR.

206 3856 240 3912 30
869 3847 983 3910 Caput
1008 3847 1040 3895 V.

331 3963 366 4028 si
395 3964 546 4028 inciderit
575 3963 796 4027 controversia
825 3960 864 4025 de
887 3959 1038 4045 dogmate
1060 3960 1288 4042 ecclesiastico,
1317 3972 1349 4024 et
1379 3984 1464 4026 unus
1484 3963 1536 4028 vel
1567 3963 1667 4050 plures

249 4063 455 4129 concordiam
475 4062 641 4128 doetrinae
663 4061 856 4126 conturbare
878 4058 1082 4142 videbuntur,
1103 4059 1243 4124 decanus
1266 4082 1338 4124 eam
1359 4083 1431 4125 rem
1451 4061 1494 4126 ad
1518 4073 1666 4128 rectorem

249 4176 282 4228 et
304 4162 473 4228 consilium
495 4164 593 4227 totius
621 4161 841 4226 universitatis
855 4208 857 4212 -
871 4160 999 4224 referat.
1041 4157 1091 4222 Ac
1119 4160 1323 4242 universitas,
1353 4162 1380 4224 si
1409 4161 1598 4246 magnitudo
1626 4163 1668 4226 rei

250 4262 441 4354 postulabit,
469 4262 610 4348 principi
639 4260 848 4346 significabit,
879 4269 911 4325 et
937 4261 1088 4345 princeps
1112 4281 1183 4322 cum
1207 4259 1340 4324 consilio
1366 4259 1556 4325 academiae
1578 4261 1668 4346 eligat

208 4364 372 4431 35iudices
401 4361 548 4443 idoneos,
578 4362 634 4447 qui
661 4370 762 4424 totam
793 4359 1046 4424 controversiam
1076 4356 1247 4444 diligenter
1277 4360 1466 4423 examinent
1495 4369 1527 4424 et
1555 4359 1668 4424 iudicio

251 4488 308 4530 suo
330 4484 425 4526 veras
448 4461 624 4525 sententias
648 4462 817 4545 perspicue
839 4457 1022 4545 approbent
1042 4469 1074 4522 et
1095 4457 1195 4522 falsas
1215 4459 1387 4544 perspicue
1408 4458 1571 4524 damnent

332 4580 444 4662 Perre,
473 4577 686 4642 etiamsinon
706 4574 868 4639 videbitur
895 4573 1065 4638 referenda
1094 4572 1137 4638 ad
1165 4575 1357 4661 principem,
1386 4584 1496 4640 tamen
1518 4578 1668 4642 universi·

250 4690 300 4745 tas
330 4701 386 4742 suo
415 4676 548 4742 consilio
578 4675 702 4740 iudices
731 4672 864 4738 idoncos
893 4696 933 4737 ex
963 4672 1112 4760 pluribus
1139 4673 1348 4739 facultatibus
1378 4674 1495 4761 eligat,
1527 4679 1580 4764 qui
1608 4699 1668 4740 rem

251 4778 421 4864 diligenter
457 4785 654 4862 cognoscant
683 4782 714 4839 et
748 4774 854 4837 ferant
889 4774 1073 4837 sententias.
1114 4772 1299 4838 Damnatae
1333 4776 1576 4861 propositiones
1612 4799 1669 4840 non

210 4888 242 4942 ta
252 4875 473 4956 defendantur,
503 4885 535 4940 et
562 4877 588 4939 si
617 4875 689 4958 quis
720 4874 951 4937 contumaciter
978 4871 1145 4955 defendat,
1176 4873 1384 4939 coherceatur
1413 4877 1589 4940 severitate
1609 4875 1668 4954 tali,

250 5000 290 5040 ne
312 4976 413 5039 malas
436 4977 602 5061 opiniones
623 4967 732 5039 latius
747 4995 902 5057 spargere
924 4974 1036 5058 possit.
