3756 6158
239 455 299 523 330
728 470 779 522 Die
797 471 1016 536 philosophisohe
1035 471 1161 522 Faculttt

322 651 372 714 31.
392 664 439 712 nu
461 665 553 716 noco
576 668 739 735 exsunus
760 670 806 718 nr
826 673 980 720 sunnon
1000 670 1293 722 corvooacmuun
1311 669 1537 720 racuurrrm.

831 774 891 839 Vgl.
908 789 933 826 a.
957 775 995 826 St
1013 775 1056 840 24,
1073 774 1096 825 2.
1124 806 1126 810 1

320 864 402 930 Item
432 867 584 931 examina
610 870 903 955 promovendorum
939 873 974 937 in
1001 872 1126 938 artibus
1156 880 1188 937 et
1215 872 1468 938 convocaeiones
1495 869 1651 943 facultatis

241 962 364 1028 arcium
390 963 472 1030 fiant
500 967 535 1030 in
560 965 695 1055 collegio
723 971 845 1035 maiore
871 971 906 1035 in
933 970 1030 1036 stuba
1057 971 1237 1054 facultatis,
1266 979 1298 1035 et
1324 993 1384 1058 pro
1403 972 1467 1035 isto
1488 969 1651 1056 collegium

198 1066 215 1122 5
240 1062 345 1126 maius
366 1061 407 1129 de
427 1065 571 1154 quolibet
590 1066 809 1154 promovendo
829 1070 863 1133 in
884 1069 1009 1135 artibus
1030 1069 1163 1136 habebit
1183 1073 1202 1136 2
1222 1084 1263 1155 pt.
1284 1090 1396 1152 novos,
1416 1078 1450 1134 et
1470 1070 1552 1135 istos
1569 1091 1651 1156 gros·

216 1187 217 1192 ¹
239 1181 292 1225 sos
314 1160 455 1230 decanus
475 1187 496 1257 a
518 1166 748 1252 promovendis
769 1167 869 1233 habet
890 1167 1050 1256 colligere.

577 1353 626 1417 32.
642 1367 689 1415 nr
710 1367 803 1417 noco
825 1366 968 1418 resnou
988 1366 1280 1417 mcuuomronuu.

704 1543 710 1567 Ι
798 1486 858 1551 Vgl.
874 1501 899 1538 a.
916 1485 954 1538 St.
973 1487 1014 1550 24,
1034 1485 1057 1538 l.
1287 1568 1289 1571 v

321 1594 404 1660 Item
424 1596 597 1683 prandium
618 1598 894 1666 licenciandorum
912 1601 984 1666 fieri
1004 1600 1100 1666 debet
1119 1601 1153 1664 in
1175 1599 1282 1690 ulique
1305 1599 1533 1686 collegiorum,
1561 1609 1594 1689 et
1611 1601 1649 1692 in·

199 1692 334 1756 iuterim
364 1693 451 1781 quod
472 1696 644 1784 collegium
669 1701 777 1765 minus
798 1722 864 1766 non
885 1709 934 1766 est
955 1699 998 1765 ad
1019 1699 1159 1793 aliquem
1178 1699 1283 1764 locum
1304 1707 1538 1786 competentem
1558 1707 1650 1771 trent

236 1789 352 1874 latum,
380 1793 438 1859 fiat
457 1796 492 1861 in
514 1796 650 1885 collegio
676 1799 812 1882 maiori3
845 1799 933 1865 facta
953 1800 1032 1866 vero
1053 1798 1238 1867 huiusmodi
1258 1797 1490 1878 translacione,
1520 1797 1650 1863 decanus

235 1888 392 1975 protunc
413 1897 555 1969 existens
579 1896 679 1964 habet
700 1895 824 1986 ponere
848 1898 891 1963 ad
913 1899 1126 1987 quodcunque
1148 1897 1356 1990 ¹collegiorum
1377 1896 1441 1963 sibi
1461 1896 1577 1986 placet

636 2083 685 2147 33.
707 2099 754 2146 nu
775 2097 971 2158 oususrsru
991 2095 1280 2154 numerosum

795 2216 955 2280 mast.
976 2217 1016 2278 21,
1037 2216 1110 2295 ε.Δ
1193 2238 1196 2244 ,
1327 2203 1330 2211 ’

198 2331 229 2386 15
321 2323 402 2390 Item
423 2325 529 2392 nullus
549 2330 779 2414 magistrorum
808 2331 842 2395 in
872 2331 1126 2396 examinatorem
1154 2326 1444 2407 examinandorum
1470 2308 1507 2394 in
1536 2327 1650 2394 artibus

240 2421 316 2509 eligi
340 2422 451 2507 debet,
480 2426 543 2491 nisi
562 2428 618 2515 qui
645 2428 1063 2516 complevissetbiennium
1092 2440 1125 2495 et
1151 2438 1243 2495 ectus
1268 2450 1361 2511 suos,
1389 2437 1422 2493 et
1443 2449 1518 2493 cum
1538 2427 1599 2492 lroc
1617 2427 1652 2491 sit

241 2530 316 2589 actu
336 2545 461 2609 regens.

364 2713 412 2777 34.
434 2727 575 2788 ounmo
599 2726 867 2778 nmmruronns
888 2727 1209 2781 menrmuuonuu
1229 2727 1325 2778 norm
1344 2686 1511 2777 urruurvr.¹
1553 2722 1555 2730 ·

752 2888 762 2912 3
796 2811 1060 2911 mestum
1138 2888 1141 2896 .

200 2964 235 3021 20
308 2925 309 2928 Ἴ
329 2960 408 3025 Item
434 2960 512 3026 nulli
541 2956 708 3047 eligentur
721 2961 959 3026 examinatores
979 2931 1358 3047 magistrandorum'niei
1379 2967 1455 3048 post
1474 2959 1653 3048 inscriptio

238 3080 313 3124 nem
334 3061 520 3137 eorundem.
646 3146 648 3150 .
691 3079 706 3121 t

259 3230 308 3292 35.
330 3244 390 3304 our
410 3244 564 3294 rossunr
584 3245 732 3294 snmrrr
753 3245 800 3292 so
821 3237 964 3311 exseras
984 3225 1276 3325 succensemus,
1297 3242 1343 3290 nr
1364 3242 1412 3291 nu
1434 3242 1609 3311 rnurona
1668 3244 1669 3247 ¹

573 3380 578 3396 ι
661 3356 664 3371 “
694 3364 757 3431 vgr.
774 3378 808 3428 a„
820 3363 859 3414 se
875 3361 915 3422 aa,
934 3360 958 3413 a
977 3359 1018 3421 ae,
1036 3362 1060 3413 s.
1081 3361 1121 3425 aa,
1139 3362 1163 3412 s.

322 3510 403 3575 Item
431 3511 537 3578 nullus
567 3511 663 3577 debet
681 3511 819 3582 ,admitti
849 3510 893 3576 ad
915 3534 1051 3577 examen
1071 3509 1339 3588 baooalariatus„
1352 3510 1409 3596 qui
1429 3509 1524 3596 prius
1545 3510 1580 3575 in
1601 3507 1659 3574 alia

200 3609 455 3677 25universitate
480 3635 545 3677 non
572 3613 676 3694 stetit,
708 3612 773 3699 nisi
803 3611 845 3675 ad
872 3612 978 3676 minus
1005 3614 1039 3676 in
1073 3613 1138 3676 ista
1171 3611 1294 3675 steterit
1329 3610 1424 3698 quasi
1462 3617 1497 3673 at
1530 3607 1659 3675 alterum

241 3706 411 3773 dimidium
445 3733 579 3794 annum3
617 3719 648 3775 et
678 3709 740 3776 hoc
765 3701 882 3794 ‘quasi’
912 3733 977 3775 non
1007 3710 1161 3779 diminuet
1191 3701 1391 3797 plusquam
1426 3730 1487 3775 sex
1515 3707 1659 3796 'septima-

242 3829 302 3872 nos
324 3818 384 3874 etc.
1260 3829 1263 3832 ’

326 3905 477 3995 [Bt591]
499 3910 580 3974 Item
605 3907 712 3974 nullus
742 3909 875 3973 veniens
904 3907 945 3974 de
975 3907 1040 3973 alia
1065 3909 1276 3996 universitate
1297 3909 1484 3994 promoveri
1506 3906 1604 3974 debet
1621 3904 1659 3971 ed

242 4007 382 4092 gradum
409 4007 647 4074 baccalariatus
659 4056 668 4090 ,
695 4009 759 4073 nisi
787 4009 877 4095 prius
909 4008 1032 4073 steterit
1062 4008 1096 4072 in
1122 4009 1186 4072 ista
1210 4008 1420 4073 universitate
1441 4029 1502 4096 per
1526 4006 1661 4073 medium

200 4115 364 4171 Ioannem
393 4117 425 4173 et
451 4109 485 4172 in
511 4108 592 4190 ista,
619 4106 705 4172 unde
731 4109 835 4189 venit,
865 4108 966 4172 eciam
995 4107 1081 4172 ultra
1109 4107 1249 4172 medium
1276 4129 1413 4190 annum,
1440 4117 1474 4172 et
1495 4103 1661 4173 dummodo

243 4205 438 4272 sufficientes
465 4205 711 4273 informaciones
740 4208 852 4272 fecerit
872 4206 913 4272 de
935 4206 1107 4272 audicione
1127 4205 1283 4272 librorum
1302 4207 1337 4279 in
1359 4206 1425 4272 alia
1445 4207 1661 4272 universitate.

602 4379 651 4442 36.
672 4392 719 4441 nu
742 4389 1035 4441 ensronsromnus
1058 4368 1267 4441 onnmsnns.

790 4510 851 4574 ναι.
869 4525 893 4560 ι.
914 4507 951 4560 ει.
969 4509 1010 4570 21,
1033 4509 1069 4560 16.

325 4624 406 4690 Item
438 4623 544 4689 nullus
576 4623 673 4689 debet
694 4623 832 4690 admitti'
846 4623 889 4689 ad
910 4643 1047 4688 examen
1067 4645 1127 4711 pro
1149 4620 1255 4708 gradu
1275 4618 1517 4686 baccalariatus
1537 4621 1572 4686 in
1593 4620 1661 4686 arti·

203 4721 323 4807 esbus,
351 4725 420 4793 nisi
443 4725 550 4789 sexies
579 4723 784 4810 responderit
814 4723 978 4788 ordinarie
1000 4733 1032 4789 et
1052 4723 1175 4787 to‘oiens
1198 4719 1458 4786 extraordinarie
1479 4729 1548 4786 tam
1568 4719 1660 4806 magi·

248 4823 324 4887 stris
350 4846 448 4911 quam
477 4821 671 4888 baccalariis
700 4821 815 4888 diebus
841 4822 1011 4889 dominicis
1040 4820 1093 4886 vel
1126 4829 1221 4885 extra
1255 4818 1508 4907 disputantibus.
1550 4818 1660 4901 Quiri

248 4919 365 4986 absens
387 4923 499 5004 fuerit,
521 4922 693 4987 dummodo
717 4921 780 4986 sibi
801 4924 948 5006 arguitur
976 4921 1028 4986 vel
1056 4928 1282 5006 argumentum
1308 4921 1520 5008 proponitur,
1540 4939 1660 5006 respon·

246 5022 293 5087 sio
320 5019 410 5104 talis,
441 5023 510 5086 sive
541 5020 733 5108 principalis
762 5025 830 5085 sive
857 5022 962 5085 minue
984 5019 1176 5108 principalis
1197 5022 1309 5103 fuerit,
1340 5040 1405 5084 non
1427 5019 1526 5085 debet
1542 5038 1657 5103 compo·

246 5123 320 5186 tari.
359 5120 451 5188 Idem
466 5119 657 5205 intelligitur
669 5119 709 5184 de
725 5118 918 5185 baccalariis
933 5119 976 5184 ad
994 5120 1135 5206 gradum
1154 5119 1336 5206 magisterii
1355 5119 1543 5207 promoveri
1561 5114 1656 5183 velm-
