3756 6158
747 474 798 524 Dis
816 473 936 525 Ststnten
956 489 1009 524 ron
1030 475 1101 526 rest.
1573 478 1632 539 255

212 660 344 717 dunsten
373 658 420 715 ein
442 659 539 715 Mane
567 656 598 715 in
626 657 784 717 kaisendsr
805 658 939 734 Stellunp
966 679 1021 716 aar
1047 658 1125 718 Seite
1152 659 1231 718 eines
1266 657 1534 733 Wappensclrildss,
1560 657 1633 715 iiber

211 759 344 816 walchem
368 753 409 816 D.
431 753 455 818 Ι.
478 752 510 817 S.
533 759 561 814 d.
582 758 600 816 i.
631 754 754 818 Doctor
774 754 912 819 Ioannes
934 753 1097 840 Sinapius,
1128 761 1181 817 der
1203 758 1241 815 im
1266 759 1364 816 Jatre
1389 760 1465 819 1554
1487 757 1632 833 Pre'poer'·

213 866 258 914 τω
279 855 375 934 war.)

579 964 623 1055 [S.
643 965 674 1056 8]
696 987 742 1034 nn
765 987 934 1036 snurrnns
956 987 1040 1035 novi
1062 970 1270 1035 connrsssn.¹

818 1106 987 1156 statutum
1007 1107 1036 1158 V.
1658 1097 1676 1151 5

293 1218 409 1285 Novus
432 1217 556 1304 collega
584 1221 613 1283 ei
641 1219 848 1285 denuncianti
873 1218 1059 1283 electionem
1085 1218 1267 1284 numerabit
1294 1218 1563 1306 sesquiflorinum,
1593 1217 1634 1282 de

212 1342 278 1406 qua
300 1319 440 1406 pecunia
462 1319 599 1382 tertiano
622 1316 708 1383 cedit
729 1318 893 1405 quadrans
913 1318 1037 1402 floreni,
1059 1328 1183 1385 tantum
1204 1330 1237 1385 et
1256 1341 1362 1400 cocae,
1384 1317 1542 1406 reliquum
1565 1320 1634 1405 pin-

213 1440 338 1484 cernae.
370 1414 574 1482 Electeribus
596 1417 732 1503 singulis
753 1440 850 1481 unum
873 1417 1023 1483 florinum
1046 1418 1146 1501 dabit,
1169 1420 1366 1483 antecessori
1388 1440 1444 1482 sue
1460 1418 1511 1483 vel
1532 1419 1636 1505 ipsius

212 1516 409 1583 haeredibus
430 1518 566 1603 triginta
588 1516 737 1599 florines3
765 1515 900 1602 collegio
929 1515 972 1581 ad
1001 1526 1195 1582 structuram
1216 1519 1332 1603 viginti
1352 1516 1483 1582 florines
1506 1517 1633 1604 pendet.

213 1617 394 1682 Prandium
409 1615 545 1681 duarum
560 1638 743 1680 mensarum
759 1614 926 1679 exhibebit
940 1626 971 1679 et
987 1613 1118 1702 collegis
1133 1616 1368 1702 praesentibus,
1389 1639 1524 1703 qnorum
1538 1629 1675 1682 unus-10

215 1718 350 1806 quisque
371 1714 406 1780 id
427 1717 507 1780 iuris
530 1714 637 1796 habet,
661 1724 696 1779 ut
714 1736 774 1800 pro
796 1737 854 1778 suo
877 1713 1013 1779 arbitrio
1035 1713 1191 1801 hospitem
1214 1738 1312 1780 unum
1333 1718 1500 1783 nominare
1522 1719 1634 1803 possit.

214 1814 256 1880 Et
276 1815 359 1880 baec
380 1815 488 1880 omnia
507 1813 593 1877 infra
612 1835 753 1900 mensem
774 1808 816 1899 [9]
834 1835 855 1876 a
875 1823 1019 1899 tempore
1040 1814 1254 1895 assumtionis,
1277 1814 1336 1880 sub
1358 1837 1462 1901 poena
1481 1817 1633 1902 privatio-

215 1917 263 1980 nis
285 1913 524 2000 collegiaturae.
555 1911 599 1976 Et
622 1911 750 1997 quando
772 1911 814 1976 ad
837 1912 982 1998 corporis
1002 1912 1070 1976 sive
1095 1913 1321 1978 salariatorum
1343 1912 1555 1979 emolumenta
1577 1913 1632 1978 ad·

214 2015 359 2095 mittitur,
382 2012 516 2099 singulis
537 2011 674 2076 dominis
696 2011 920 2098 praesentibus
941 2009 1123 2075 numerabit
1143 2034 1241 2076 unum
1261 2012 1426 2079 florinum.

645 2212 692 2260 DE
713 2211 884 2260 ONEBIBUS
905 2211 989 2259 NOVI
1011 2212 1204 2263 COLLEGAE.
1645 2209 1676 2263 15

813 2329 977 2380 Statntum
999 2330 1046 2380 VI.

296 2447 409 2512 Novus
431 2445 556 2532 collega
575 2445 813 2532 quamprimum
835 2443 877 2508 ad
899 2445 1068 2511 commoda
1089 2445 1218 2532 collegii
1245 2445 1433 2529 admittitur,
1464 2447 1634 2532 collegium

218 2546 397 2613 inhabitare
417 2544 556 2627 debebit,
582 2546 679 2630 inque
701 2566 740 2608 ea
760 2552 853 2629 parte
873 2543 1010 2628 aedium,
1033 2568 1115 2632 quae
1137 2556 1186 2610 est
1206 2547 1376 2631 posterior,
1403 2556 1525 2610 sumtus
1547 2569 1632 2611 men·

220 2668 270 2711 sae
296 2646 382 2711 ferre
403 2646 539 2731 cogitur,
566 2645 600 2708 in
627 2641 914 2708 consultationibus
941 2666 981 2708 ac
1008 2643 1154 2709 dicendis
1179 2643 1344 2728 suffragiis
1371 2644 1476 2710 locum
1501 2644 1633 2710 habebit

219 2739 375 2826 ultimum,
391 2766 526 2830 cumque
548 2766 595 2826 co,
617 2743 668 2807 cui
687 2743 836 2829 proxime
857 2744 1021 2825 successit,
1043 2743 1175 2808 alternis
1196 2744 1323 2809 vicibus
1340 2743 1403 2830 [te]
1419 2767 1518 2810 onera
1539 2767 1628 2809 eura·
1640 2753 1674 2808 10

220 2845 294 2911 teris
314 2843 493 2910 sustinebit.

253 3011 300 3059 DE
323 3008 504 3059 (10111101118
523 3009 568 3057 ΕΤ
590 3007 838 3057 EMOLUMENTIS
859 3007 942 3056 NOVI
965 3008 1147 3059 contusas
1168 3011 1213 3058 ΕΤ
1233 3010 1306 3058 NON
1327 3009 1598 3059 SALARIATORUM.

803 3128 970 3176 Statnturn
990 3128 1055 3180 Vll.

293 3246 333 3311 ln
352 3244 443 3311 luero
465 3244 649 3324 cerevisiae,
676 3240 780 3328 pretio
802 3239 1037 3308 habitationum
1059 3244 1273 3308 communium
1295 3253 1327 3308 et
1348 3244 1579 3309 anniversariis
1601 3256 1632 3309 et

214 3345 241 3409 si
262 3366 328 3431 qua
349 3354 399 3409 est
419 3341 632 3409 commoditas
658 3362 850 3422 mensarum,
877 3341 911 3404 in
939 3339 990 3405 his
1017 3341 1164 3407 omnibus
1187 3343 1259 3428 pari
1280 3345 1350 3408 inre
1376 3344 1516 3409 iuniores
1539 3344 1674 3409 eolle25

209 3463 274 3526 gae
295 3441 360 3509 duo
382 3465 456 3508 cum
475 3441 608 3528 reliquis
630 3439 791 3505 salariatis
814 3450 1000 3523 censentur3
1022 3440 1064 3505 ad
1085 3441 1230 3526 eorporis
1246 3464 1324 3507 vero
1339 3445 1540 3508 accessiones
1557 3453 1633 3508 tunc

210 3541 341 3607 demum
363 3543 498 3630 quisque
521 3563 633 3606 eorum
658 3535 841 3620 assumitur,
873 3561 969 3625 quum
996 3538 1060 3604 duo
1087 3540 1117 3603 ei
1145 3539 1200 3604 alii
1231 3555 1454 3606 successerunt
1481 3544 1632 3608 iuniores.

207 3639 306 3722 Quae
329 3643 485 3706 assumtio
505 3642 578 3727 ipso
600 3639 653 3704 die
675 3639 880 3705 assumtionis
901 3639 977 3702 novi
997 3637 1138 3724 collegae
1158 3640 1228 3705 fieri
1251 3639 1357 3705 debet.

559 3820 604 3911 [S.
627 3819 675 3909 ll]
698 3840 745 3887 nn
766 3838 973 3887 snmssrons
993 3837 1077 3886 novr
1098 3839 1291 3889 coensem.

782 3959 955 4009 statutum
979 3958 1065 4008 Vlll.
1641 3952 1675 4010 ³0

292 4091 406 4157 Novus
427 4090 551 4176 collega
571 4087 801 4155 adcommoda
823 4090 950 4177 collegii
971 4087 1150 4154 admittitur
1171 4091 1214 4155 ad
1234 4093 1431 4181 principium
1453 4096 1626 4176 semestris,

204 4191 298 4280 quod
328 4190 415 4256 diem
443 4188 609 4255 electionis
636 4199 693 4253 aut
721 4191 927 4255 assumtionis
955 4210 1032 4254 suae
1059 4191 1208 4276 proxime
1236 4194 1389 4280 sequitur.
1432 4194 1528 4276 Quod
1553 4218 1630 4261 vero

205 4301 286 4356 ante
314 4289 377 4355 hoc
394 4300 523 4377 tempus
551 4299 714 4375 receptum
736 4287 787 4352 vel
817 4288 1039 4375 recipiendum
1067 4292 1179 4372 tuerit,
1209 4295 1405 4358 antecessori
1432 4295 1536 4380 ipsius
1561 4296 1630 4359 sive

205 4393 281 4456 eius
302 4388 498 4462 haeredibus
520 4387 659 4453 dabitur.
699 4386 875 4452 Semestria
897 4397 1004 4452 antem
1025 4391 1199 4455 constituta
1220 4401 1302 4474 sunt,
1330 4392 1465 4458 alterum
1489 4416 1509 4457 a
1530 4393 1629 4459 domi·

205 4493 285 4556 nica
313 4488 452 4556 Caritate
482 4497 514 4552 et
543 4489 590 4551 sic
620 4508 640 4551 a
669 4485 733 4551 fine
759 4486 973 4552 nundinarum
1004 4487 1205 4576 paschalium
1234 4511 1335 4578 usqne
1367 4491 1410 4556 ad
1437 4492 1671 4559 dominicamtt

207 4590 375 4656 linientem
394 4586 555 4652 nundinas
576 4584 759 4668 Michaelis3
792 4586 930 4652 alterum
952 4611 972 4653 a
993 4586 1153 4654 dominica
1173 4588 1303 4654 finiente
1321 4589 1482 4656 nundinas
1507 4591 1628 4657 Micha-

209 4689 270 4754 elis
286 4683 353 4776 [12]
365 4707 467 4772 nsque
488 4685 531 4751 ad
552 4685 747 4751 dominicam
768 4684 931 4752 finientem
953 4687 1112 4753 nundinas
1133 4687 1312 4775 paschales.
1333 4688 1430 4771 Quod
1451 4712 1528 4776 ergo
1545 4693 1630 4756 intra

211 4787 362 4878 qnodque
383 4793 537 4851 semestre
558 4785 733 4873 recipietur
752 4784 805 4850 vel
824 4787 926 4873 recipi
947 4785 1087 4868 debebit,
1109 4809 1168 4874 pro
1190 4810 1228 4852 eo
1249 4790 1396 4853 semestri
1418 4787 1587 4856 dividetur.

296 5059 307 5109 t
335 5053 434 5108 Diores
451 5053 547 5107 Statut
564 5049 602 5104 ist
617 5050 655 5103 im
675 5048 807 5121 Anfangc
823 5048 871 5104 des
891 5053 930 5106 17.
950 5047 1049 5106 Jahrb.
1068 5049 1210 5107 mebrfach
1226 5049 1459 5124 durcbcorrigiert
1475 5052 1531 5107 und
1549 5058 1627 5123 getn-

213 5141 280 5210 dert,
296 5137 385 5192 durch
401 5137 683 5205 llinklsmmerungen
702 5136 758 5189 und
776 5133 1072 5206 ltandbornerkungen.
