3756 6158
264 503 304 568 82
744 501 794 552 Die
812 502 930 554 Statotcn
952 517 1014 553 vom
1032 501 1115 553 Jsbrc
1135 505 1206 571 l⁵⁴³›

264 684 291 746 si
313 705 433 768 magna
459 691 555 770 atque
585 683 681 748 valde
709 683 813 749 ardua
833 707 886 749 res
908 693 963 750 aut
984 707 1084 750 causa
1111 684 1276 767 inciderit,
1307 684 1529 748 universitatis
1558 682 1681 749 schola·

262 784 362 847 eticae
374 781 541 868 publicum
552 783 722 848 consilium
743 794 850 850 rector
871 785 1044 850 convocari
1066 783 1206 866 iubebit„
1221 785 1328 869 inquo
1342 781 1497 871 quicquid
1515 784 1678 850 decremm

263 882 375 965 fuerit,
403 881 438 945 id
467 892 573 948 rector
601 884 718 970 exequi
743 886 841 972 inque
867 907 905 949 eo
939 884 1127 971 exequendo
1157 882 1333 949 consiliarii
1361 883 1528 948 nationum
1562 884 1682 949 rectori

263 1003 364 1069 opera
385 989 417 1046 et
438 981 600 1048 industria
622 1006 681 1051 sua
700 992 830 1070 praesto
853 1006 924 1071 esse
944 982 1115 1051 debebunt.

240 1226 257 1281 5
625 1237 627 1241 ’
891 1221 1003 1291 (ἱεραίΙ
1018 1223 1050 1274 X.

281 1385 328 1433 DE
349 1385 586 1435 IUREIURANDO
608 1383 848 1456 umlsruoauu
867 1386 1092 1437 PUBLICORUM
1112 1384 1374 1437 umvunsmarls
1396 1384 1662 1436 scnomrlcaa.

341 1499 484 1566 Ministri
505 1500 637 1587 publici,
657 1522 737 1587 quos
759 1501 896 1568 famulos
917 1504 1140 1569 universitatis
1161 1508 1290 1587 vocant,
1310 1502 1463 1569 iurabunt

342 1616 367 1700 I,
389 1615 611 1682 obedienciam
633 1639 668 1682 se
689 1619 808 1686 rectori
831 1627 863 1683 et
883 1619 1125 1686 successoribus
1145 1620 1248 1706 ipsius
1271 1619 1484 1705 praestituros
1505 1630 1587 1685 sssess

339 1732 381 1815 Π,
404 1732 500 1820 quod,
521 1754 604 1822 quac
625 1734 658 1797 in
680 1734 858 1800 ministerio
883 1757 942 1801 suo
972 1735 1062 1825 apud
1079 1744 1237 1802 rectorem
1261 1734 1313 1799 vel
1339 1736 1374 1799 in
1395 1733 1530 1800 oonsilio
1560 1740 1685 1799 secreta

220 1842 251 1897 10
259 1841 291 1897 et
311 1830 448 1896 celanda
468 1831 647 1916 audierint,
668 1833 875 1918 resciverint,
896 1836 1107 1921 cognoverint
1129 1845 1198 1919 etc,
1218 1835 1338 1900 nemini
1360 1832 1500 1922 prodere
1520 1841 1579 1899 aut
1598 1831 1681 1897 indi·

259 1953 336 1996 care
364 1929 474 1998 velint.
516 1931 619 1998 Iidem
647 1954 780 1999 munere
807 1933 872 2000 sibi
900 1933 1094 2002 demandato
1121 1933 1258 2000 fideliter
1287 1955 1414 2021 quoquc
1441 1941 1588 2023 tempore
1614 1933 1682 1998 fun·

259 2039 386 2117 gentur.

342 2129 399 2194 111.
420 2129 585 2218 Imprimis
607 2131 784 2222 locationes
805 2140 837 2198 et
857 2133 1055 2220 praeitiones
1075 2135 1110 2198 in
1132 2131 1344 2198 conventibus
1366 2131 1505 2218 publicis
1528 2141 1560 2198 et
1581 2129 1682 2200 solen·

258 2229 354 2296 nibus
384 2229 495 2295 sedulo
525 2230 734 2297 accurabunt.
790 2230 919 2312 Quodsi
943 2231 1025 2299 alter
1056 2223 1192 2299 ambove
1223 2230 1350 2297 dimissi
1380 2223 1515 2315 fuerint,
1543 2230 1587 2298 ob
1621 2228 1682 2295 boc

220 2331 379 2395 tonemini
401 2328 596 2395 maledicent
614 2351 718 2418 neque
739 2331 1017 2407 conviciabuntur.

879 2570 988 2636 Caput
1005 2571 1052 2622 XI.

668 2736 715 2783 DE
737 2734 878 2784 MULCTA
901 2733 1039 2782 Exsere
1059 2735 1081 2782 Α
1102 2732 1273 2782 ΒΕΟΤΟΒΕ.

341 2848 376 2915 Si
400 2873 525 2916 summa
547 2851 736 2938 pecuniaria
756 2851 928 2916 universae
948 2849 1105 2931 mulctae,
1135 2870 1231 2934 quam
1254 2871 1275 2913 a
1294 2846 1554 2936 delinquentibus
1575 2854 1680 2912 rector

258 2951 376 3036 exegit,
396 2972 463 3014 non
482 2951 659 3015 excesserit
680 2949 820 3016 florenos
839 2959 917 3034 tres,
938 2950 1074 3015 rectoris
1096 2971 1134 3014 ea
1157 2949 1296 3035 pecunia
1315 2957 1394 3014 esto.
1437 2946 1474 3024 Si
1494 2942 1681 3029 excesserit,

120 3136 124 3145 Ι
217 3059 325 3114 botres
346 3048 461 3115 floreni
482 3049 617 3130 rectoris
637 3058 733 3117 sunto
755 3058 787 3115 et
807 3048 952 3137 reliquae
973 3049 1106 3137 insuper
1126 3048 1283 3134 pecuniae
1304 3047 1413 3113 triens.

877 3289 987 3352 capnt
1003 3287 1063 3338 XII.

257 3457 315 3523 ur,
338 3455 437 3527 Quan-
449 3453 588 3502 rmorus
611 3451 798 3502 snunsrnls
819 3451 960 3500 necron
975 3451 1196 3518 nnmcumur,
1218 3452 1262 3501 na
1274 3452 1321 3500 sn
1336 3449 1582 3501 successoren
1602 3448 1682 3502 uxr·

775 3551 917 3613 querna
937 3550 1166 3600 enarmnanr.
1225 3578 1228 3583 -

339 3657 421 3736 Item
441 3677 547 3734 rector
568 3668 786 3755 cuiuscunque
809 3667 973 3733 semestris
995 3664 1091 3731 debet
1108 3655 1240 3753 exigere
1261 3666 1462 3755 mulotas'ab
1483 3667 1536 3749 iis,
1553 3665 1680 3754 'quibus

217 3772 332 3838 scillae
352 3769 494 3835 indictae
514 3768 632 3835 fuerint
656 3767 697 3831 de
718 3767 877 3832 sententia
898 3787 1107 3831 assessorum.
1146 3764 1244 3846 Quod
1272 3768 1300 3831 si
1322 3788 1420 3855 quam
1440 3766 1607 3850 mulctam,
1628 3763 1680 3830 vel

258 3871 382 3938 tctam¹
403 3877 530 3956 partem
551 3866 648 3949 illius,
670 3889 734 3931 non
756 3867 917 3953 exegerit,
937 3867 1078 3952 itemque
1099 3864 1174 3949 alia,
1196 3887 1278 3954 quae
1300 3875 1446 3954 tempore
1469 3867 1683 3953 magistratus

261 3973 309 4035 sui
333 3968 460 4034 absolvi
481 3989 545 4032 non
567 3967 738 4053 potuerint,
761 3989 800 4031 ea
822 3967 930 4031 omnia
952 3960 1123 4051 diligenter
1145 3972 1300 4031 annotata
1322 3969 1503 4031 successori
1526 3987 1584 4031 suo
1604 3974 1683 4029 tam·

257 4093 353 4155 quam
375 4067 422 4132 illi
442 4065 552 4132 oblata
572 4067 709 4152 negotia·
723 4065 886 4154 relinquat
907 4064 1107 4152 exequenda,
1130 4068 1185 4150 qui
1206 4067 1276 4152 ipse
1299 4088 1365 4152 qua
1377 4067 1497 4152 poterit
1510 4063 1684 4151 diligentia

257 4177 445 4256 exequetur.
476 4165 515 4231 In
536 4163 761 4231 exactionibus
782 4175 890 4231 autem
911 4163 1103 4247 muletarum
1125 4165 1170 4229 ita
1192 4164 1399 4252 procedatur,
1421 4165 1540 4252 primo,
1563 4165 1620 4252 qui
1641 4161 1683 4228 ad

216 4266 450 4336 30solvendum
466 4276 603 4348 tenetur,
622 4266 652 4329 is
675 4264 800 4330 solvere
820 4264 907 4353 quod
927 4263 1024 4330 debet
1043 4265 1129 4329 infra
1149 4267 1318 4351 proximos
1341 4273 1513 4350 sequentes
1533 4262 1606 4329 dies
1625 4285 1683 4328 sex

257 4379 314 4434 aut
333 4389 473 4455 poenam
494 4365 635 4430 carceris
664 4364 798 4431 sufferre
824 4362 990 4448 iubeatur3
1020 4365 1048 4428 si
1077 4387 1142 4430 non
1167 4367 1327 4451 paruerit,
1355 4365 1444 4431 idem
1468 4363 1516 4430 illi
1543 4373 1594 4429 ter
1623 4382 1683 4450 pro

258 4489 347 4534 more
367 4465 554 4547 mandetur,
582 4463 710 4551 publice
737 4467 903 4551 proposito
932 4465 1053 4551 scripto
1081 4486 1141 4551 pro
1168 4462 1272 4529 valvis
1308 4463 1603 4531 ecclesiasticarum
1629 4469 1684 4528 aut

258 4565 523 4632 scholasticarum
543 4563 681 4645 aedium,
703 4573 735 4627 et
756 4562 826 4628 dies
848 4564 996 4630 similiter
1018 4565 1251 4651 praefiniantur
1273 4573 1405 4650 septem
1444 4563 1507 4630 Oui
1528 4563 1683 4633 mandato

259 4670 286 4732 si
313 4676 344 4731 et
374 4666 459 4753 ipsi²
488 4686 553 4730 non
579 4661 747 4744 obedierit,
775 4663 896 4728 referre
928 4663 1050 4729 dehac
1080 4664 1283 4729 contumacia
1311 4672 1418 4729 rector
1445 4664 1489 4730 ad
1517 4665 1683 4754 publicum

216 4765 427 4831 abconsilium
448 4772 480 4830 et
500 4761 621 4827 ibidem
643 4761 683 4826 de
704 4764 857 4847 graviore
877 4765 911 4829 in
932 4772 1150 4829 contumacem
1172 4784 1279 4850 poena
1300 4773 1396 4853 atque
1415 4766 1513 4831 etiam
1536 4766 1578 4831 de
1605 4764 1683 4832 rele-

258 4867 388 4951 gatione
411 4864 497 4930 illius
519 4859 694 4927 deliberari
715 4859 854 4926 debebit.

330 5168 339 5217 l
362 5163 401 5217 Es
419 5161 487 5217 fehlt
503 5164 554 5216 vel.
655 5168 670 5217 2
687 5161 873 5219 Gescbrieben
893 5163 966 5219 steht
982 5165 1049 5236 epae.
