3756 6158
637 442 850 507 Bestimmuusseu
867 456 916 493 sus
932 444 993 493 dom
1008 442 1090 493 dabre
1109 444 1182 495 1555.
1553 450 1615 513 625

205 625 273 690 suis
295 621 462 690 laboribus
483 646 524 689 ex
546 647 609 691 uno
632 635 778 712 promoto
799 647 860 713 pro
882 647 918 691 se
939 623 1185 691 emolumentum
1207 626 1367 713 integrum
1391 628 1535 695 retineat.
1577 628 1614 695 Si

204 723 402 811 veroplures
419 722 548 807 fuerint,
570 726 625 813 qui
646 732 884 812 promoventur,
904 733 981 790 tunc
1000 724 1213 790 emolumenta
1234 724 1428 815 reliquorum
1448 728 1481 792 iu
1505 750 1615 795 omnes

206 823 356 889 doctores
377 820 418 887 de
438 822 572 889 consilio
594 820 657 911 [21]
679 823 859 906 facultatis,
881 845 984 911 aquo
1005 846 1139 889 numero
1159 834 1323 911 promotor
1343 825 1430 892 haud
1451 826 1614 892 secluden-

204 924 283 1005 dus,
311 920 489 1010 acqualiter
516 921 769 1007 distribuantur,
799 932 835 988 ut
871 934 1051 1010 promotor,
1080 945 1122 989 ex
1153 922 1286 1009 reliquis
1319 926 1417 991 etiam
1451 927 1615 1013 particeps

204 1024 318 1104 lactus,
341 1044 400 1109 pro
422 1020 534 1088 labore
555 1045 636 1111 pras
655 1024 790 1088 caeteris
812 1020 884 1109 plus
905 1021 1034 1089 habeat
1638 1036 1656 1091 5

287 1120 342 1187 Sic
363 1143 384 1185 a
404 1130 659 1209 compromotore
685 1123 719 1186 iu
743 1123 945 1209 promotione
967 1123 1152 1188 doctoratus
1178 1120 1249 1187 lieri
1276 1122 1387 1205 debet,
1408 1133 1445 1189 ut
1469 1146 1614 1213 compro·

205 1230 308 1288 motor
328 1244 389 1310 pro
410 1222 476 1285 suis
498 1220 666 1287 laboribus
692 1243 734 1285 ex
762 1243 824 1287 uno
854 1244 914 1309 pro
942 1245 977 1287 se
1009 1221 1256 1287 emolumentum
1286 1219 1337 1286 val
1365 1232 1490 1309 partem
1519 1246 1615 1289 unam

204 1322 379 1407 integram,
402 1342 518 1408 nempe
539 1343 598 1387 ssx
618 1320 773 1403 florenos,
795 1321 945 1405 retineat,
967 1323 1092 1387 sivero
1114 1321 1223 1408 plures
1244 1320 1370 1405 fuerint,
1392 1332 1468 1388 tunc
1488 1346 1613 1412 promo-

205 1421 345 1487 ventium
374 1419 570 1505 reliquorum
600 1419 813 1487 emolumenta
843 1421 877 1486 iu
906 1420 1046 1509 reliquos
1080 1419 1227 1486 doctores
1272 1442 1381 1486 omues
1410 1421 1450 1487 de
1482 1422 1613 1490 consilio

204 1519 377 1601 facultatis,
398 1520 485 1586 nullo
506 1530 653 1608 excepto,
674 1518 851 1608 aequaliter
873 1519 1116 1601 distribuantur,
1137 1521 1184 1584 ita
1203 1530 1239 1584 ut
1258 1530 1493 1607 compromotor
1513 1522 1610 1588 etiam
1625 1534 1656 1589 10

207 1619 248 1684 do
268 1618 402 1707 reliquis
422 1621 586 1710 particeps
609 1620 682 1701 fiat,
704 1629 737 1686 ot
764 1620 811 1685 sic
837 1643 896 1709 pro
917 1619 1029 1686 labore
1049 1629 1085 1685 ut
1106 1628 1342 1706 compromotor
1370 1642 1450 1707 praa
1479 1624 1614 1688 caeteris

207 1728 280 1807 post
301 1718 457 1785 decanum
477 1719 550 1808 plus
569 1719 696 1786 habeat.

556 1903 598 1969 X.
626 1900 671 1991 [S.
687 1900 738 1989 25]
768 1920 813 1968 us
836 1919 995 1970 cousuuo
1017 1920 1085 1969 ruo
1107 1918 1264 1968 sxrums.

290 2052 371 2119 (lum
393 2053 513 2139 petitur
534 2053 701 2119 consilium
723 2075 744 2118 a
767 2053 920 2120 facultate
941 2052 1067 2118 medica
1088 2051 1130 2117 ab
1152 2053 1271 2117 exteris
1292 2050 1485 2137 homiuibus,
1508 2052 1614 2119 docre-

205 2164 272 2217 tum
295 2162 358 2233 cst,
384 2161 419 2216 ut
447 2150 588 2217 decanus
617 2152 778 2219 facultatis
809 2152 998 2217 sententiam
1025 2150 1150 2218 consilii
1176 2150 1278 2216 literis
1304 2152 1466 2241 concipiat
1485 2162 1517 2217 et
1540 2175 1612 2217 oon·
1625 2162 1656 2218 15

207 2252 361 2337 scriptam
383 2253 589 2333 transmittat,
612 2275 650 2317 ac
671 2276 731 2340 pro
752 2252 863 2319 labore
880 2251 1029 2339 duplum¹
1054 2250 1211 2317 mercedis
1232 2252 1381 2338 accipiat.

353 2434 409 2500 XI.
436 2453 577 2502 Faunae
601 2453 858 2503 UNlVERSlTA'l'lS
879 2453 947 2502 PRO
970 2452 1081 2501 OPERA
1103 2450 1314 2501 copulatum
1336 2450 1473 2499 CENSUS.

291 2585 427 2652 Famulo
449 2588 669 2652 universitatis
691 2609 750 2674 pro
773 2610 872 2674 opera
899 2584 1070 2673 colligendi
1091 2605 1207 2650 census
1228 2582 1370 2649 decrevit
1397 2582 1549 2667 facultas,
1571 2583 1616 2650 illi

209 2684 321 2751 deberi
344 2708 470 2773 semper
491 2686 534 2751 ad
555 2685 641 2751 diem
661 2685 801 2752 natalem
821 2686 941 2753 Christi
961 2707 1002 2750 ex
1022 2685 1148 2751 aerario
1170 2706 1266 2749 uuum
1287 2682 1450 2749 florenum.

296 2958 305 3006 l
327 2952 425 3023 spem
445 2952 481 3007 ist
503 2951 604 3006 daraus
627 2950 756 3023 gemacht
777 2952 897 3022 cipum.
931 2950 977 3005 An
1000 2952 1053 3005 dou
1071 2949 1150 3004 Raud
1172 2948 1208 3003 ist
1228 2947 1419 3019 geschriebcu,
1436 2950 1502 3003 abor
1518 2949 1617 3006 wieder

209 3036 429 3108 sucgestrichcu:
454 3036 612 3107 iurisperiti
626 3036 723 3091 landast
737 3036 881 3089 diarmitium
898 3035 1003 3103 iidepri.

282 5218 497 5257 autumnum!
514 5219 571 5255 DBR
588 5218 659 5255 mliv.
676 5218 794 5254 ulmo.
