3756 6158
814 501 865 552 Die
884 503 1133 568 Stiftnngsnrknnde
1151 519 1212 554 vom
1231 504 1313 554 Jahre
1334 509 1405 554 1409.

813 737 859 783 DE
881 736 1136 785 LIBER'I'ACIONE
1159 735 1420 784 COLLEGIORUM.

490 869 571 935 Item
591 870 625 933 in
642 869 728 935 dicto
749 870 847 956 opido
869 894 927 957 pro
949 869 1116 957 praedicta
1135 870 1346 934 universitate
1367 867 1410 932 ad
1429 873 1659 934 incrementum
1682 869 1826 934 eiusdem

408 969 604 1034 instituimus
627 979 659 1033 et
677 968 882 1033 fundavimus
903 969 966 1034 duo
989 970 1139 1056 collegia,
1168 991 1250 1056 quae
1271 968 1521 1033 nominabuntur
1549 968 1687 1056 collegia
1708 971 1826 1056 princi-

409 1091 500 1156 pum,
530 1091 664 1155 quorum
687 1092 784 1133 unum
803 1068 972 1134 vocabitur
993 1072 1114 1152 maius,
1142 1068 1230 1133 aliud
1258 1091 1336 1132 vero
1364 1069 1480 1132 minus.
1522 1068 1587 1133 Pro
1609 1068 1725 1154 quibus
1746 1069 1828 1135 duas

383 1169 525 1234 odomus
547 1168 737 1234 donavimus
751 1179 782 1231 et
796 1170 1034 1253 assignavimus
1056 1193 1115 1257 pro
1129 1167 1335 1250 leccionibus,
1358 1166 1636 1255 disputacionibus
1649 1171 1828 1255 ceterisque

409 1268 535 1333 actibus
556 1268 759 1334 scholasticis
781 1266 862 1331 inibi
884 1268 1089 1352 exercendis,
1118 1278 1150 1334 et
1171 1267 1302 1333 easdem
1324 1266 1438 1333 domus
1460 1268 1669 1355 collegiorum
1697 1268 1738 1333 ab
1762 1292 1827 1335 om·

408 1368 504 1434 nibus
520 1367 677 1456 losungis,
693 1366 933 1450 exaccionibus,
954 1368 1261 1450 contribucionibus,
1284 1368 1410 1450 steuris,
1432 1369 1567 1451 iuribus,
1589 1368 1741 1435 oneribus
1755 1379 1787 1434 et
1808 1392 1828 1433 a

408 1467 613 1534 subiectione
641 1469 759 1533 civium
788 1466 877 1553 opidi
905 1469 1043 1553 praefati
1071 1467 1294 1533 libertavimus
1323 1479 1355 1532 et
1381 1468 1423 1533 ad
1449 1468 1619 1534 comodum
1641 1479 1828 1556 praetactae

408 1568 630 1634 universitatis
653 1567 693 1631 de
716 1575 805 1632 certa
826 1577 938 1632 nostra
960 1569 1095 1632 seientia
1116 1569 1265 1654 graciose
1287 1569 1533 1655 incorporamus
1557 1579 1589 1633 et
1608 1568 1807 1635 libertamus.

368 1739 401 1814 ill
780 1768 827 1814 DE
849 1767 1070 1827 QUANTI'I'A'I'E
1094 1769 1250 1817 sennenn
1272 1770 1454 1818 PERPE'I'UI.

492 1901 573 1966 Item
594 1923 657 1986 quo
679 1902 844 1986 magistri,
867 1899 1032 1982 doctores,
1063 1900 1227 1966 studentes
1248 1925 1285 1967 eo
1306 1902 1463 1968 libencius
1480 1902 1523 1967 ad
1545 1902 1665 1967 dictum
1688 1899 1828 1966 studium

409 1999 582 2083 confluant,
606 2000 756 2066 studeant
778 2009 809 2064 et
830 1997 988 2081 laborent,
1011 1998 1236 2085 deputavimus
1258 2024 1318 2088 pro
1341 2004 1456 2088 viginti
1476 2004 1643 2088 magistris
1665 1998 1828 2086 stipendia

408 2122 466 2164 seu
482 2098 651 2164 sallarium
672 2108 862 2186 perpetuum
877 2101 1123 2185 quingentorum
1136 2100 1341 2185 florenorum,
1367 2124 1447 2188 quos
1461 2103 1626 2166 annuatim
1644 2101 1684 2165 de
1700 2121 1829 2164 camera

411 2209 525 2263 nostra
552 2197 738 2285 persolvere
772 2196 921 2264 volumus
949 2200 1041 2263 iuxta
1072 2198 1313 2265 ordinacionem
1343 2202 1429 2265 infra
1459 2203 1630 2288 scriptam,
1664 2214 1829 2287 quousque

369 2307 536 2363 15tantum
556 2300 590 2361 in
610 2299 776 2384 perpetuis
796 2295 978 2361 redditibus
999 2300 1176 2385 poterimus
1200 2301 1280 2387 ipsis
1302 2300 1491 2386 providere,
1519 2310 1550 2365 et
1571 2324 1668 2387 quam
1690 2300 1828 2386 primum

408 2400 586 2484 poterimus
608 2396 648 2461 de
669 2395 818 2463 censibus
840 2398 1005 2483 perpetuis
1026 2399 1106 2483 ipsis
1130 2398 1313 2464 curabimus
1333 2401 1515 2485 providere.

784 2598 831 2643 DE
855 2596 1091 2645 ORDINAOIONE
1115 2598 1255 2647 tmolus
1278 2599 1452 2648 COLLEGII.

490 2732 571 2798 Item
593 2729 741 2796 volumus
763 2740 794 2794 et
815 2728 1017 2811 ordinamus,
1046 2729 1133 2816 quod
1153 2731 1188 2796 in
1209 2733 1324 2798 maiori
1352 2732 1488 2818 collegio
1513 2732 1576 2795 sint
1599 2747 1648 2794 x11
1669 2728 1828 2815 magistri,

409 2832 450 2897 de
472 2830 616 2918 qualibet
636 2832 772 2895 nacione
793 2842 869 2913 tres,
891 2851 1026 2914 quorum
1047 2829 1182 2913 quilibet
1202 2853 1262 2917 pro
1283 2830 1415 2897 sallario
1437 2830 1571 2896 habebit
1592 2847 1666 2894 xxx
1689 2827 1830 2892 florenos

367 2931 585 2999 senmurum.
619 2930 706 2994 Inter
729 2952 809 3016 quos
830 2928 927 2993 debet
947 2951 1018 2993 esse
1040 2951 1121 2993 unus
1143 2932 1298 3016 magister
1320 2953 1433 2995 sacrae
1453 2930 1646 3016 theologiae,
1669 2929 1723 3014 qui
1744 2925 1831 2990 ultra

409 3030 610 3120 praedictam
638 3051 794 3093 summam
830 3028 963 3093 habebit
990 3047 1062 3093 xxx
1094 3029 1234 3094 florenos
1265 3032 1351 3093 omni
1383 3052 1479 3095 anno.
1526 3030 1570 3094 Et
1599 3030 1646 3093 sic
1671 3025 1829 3118 praedicti

409 3132 557 3218 magistri
579 3146 627 3194 ΧΠ
650 3130 683 3193 in
705 3137 773 3192 tota
796 3150 920 3193 summa
942 3145 1006 3194 ccc
1027 3129 1205 3214 nonaginta
1225 3126 1365 3194 florenos
1387 3129 1561 3194 habebunt.

787 3330 834 3376 DE
858 3329 1093 3376 ORDINACIONE
1116 3328 1257 3376 molus
1278 3329 1451 3378 COLLEGII.

491 3463 572 3530 Item
594 3460 756 3544 volumus,
788 3460 874 3545 quod
895 3461 928 3524 in
945 3461 1062 3526 minori
1085 3459 1219 3546 collegio
1247 3462 1312 3525 sint
1332 3472 1404 3535 octo
1425 3460 1590 3548 magistri,
1619 3460 1660 3525 de
1689 3457 1830 3546 qualibet

367 3572 402 3629 25
411 3564 547 3629 nacione
569 3560 643 3645 duo,
666 3584 802 3648 qnorum
824 3559 958 3647 quilibet
979 3582 1038 3647 pro
1062 3558 1192 3625 sallario
1214 3550 1533 3627 amuatimffiobebit
1553 3578 1603 3626 x11
1624 3560 1774 3625 florenos.
1796 3552 1798 3557 ’

742 3746 788 3792 DE
811 3744 1079 3792 PRAEROGA'I'IVA
1101 3745 1300 3793 TEMPOBALI
1326 3745 1500 3794 SAXONUM.

489 3877 570 3944 Item
598 3899 640 3941 ex
670 3877 767 3941 certis
793 3877 923 3941 motivis
951 3875 1073 3960 absque
1102 3875 1301 3963 praeiudicio
1330 3876 1511 3942 antedictae
1537 3886 1668 3943 nostrae
1703 3875 1829 3942 ordiua·

409 3980 511 4044 cionis
533 3977 573 4042 de
594 3999 753 4041 consensu
774 3977 946 4041 nacionum
966 3973 1178 4040 Misnensium
1207 3986 1238 4040 et
1258 3974 1454 4042 Polonorum
1476 3977 1710 4063 disposuimus,
1745 3972 1830 4061 quod

409 4079 502 4142 nocio
518 4076 684 4141 Saxonum
704 4076 738 4139 in
753 4076 870 4139 minori
893 4072 1027 4159 collegio
1050 4097 1196 4161 pronunc
1218 4073 1335 4140 debeat
1355 4075 1475 4141 habere
1490 4086 1627 4162 quatuor
1647 4076 1830 4161 magistros,

367 4188 402 4243 30
411 4181 459 4242 sic
479 4176 565 4263 quod
585 4174 766 4238 Misnenses
795 4184 826 4237 et
847 4172 962 4239 Poloni
984 4174 1027 4239 ad
1053 4173 1316 4260 complacendum
1339 4175 1434 4240 nobis
1462 4175 1721 4241 condescendant
1751 4174 1831 4261 ipsis

409 4278 443 4342 in
471 4275 607 4341 duobus.
650 4275 695 4339 Et
715 4274 796 4338 haec
817 4273 993 4360 disposicio
1019 4267 1112 4338 huius
1137 4273 1264 4337 articuli
1293 4273 1464 4339 dumtaxat
1493 4275 1535 4339 ad
1563 4298 1665 4340 annos
1695 4284 1831 4361 quatuor

409 4375 609 4464 perdurabit.
651 4375 780 4458 Itaque,
811 4375 838 4437 si
859 4374 944 4438 infra
964 4373 1068 4440 dictos
1090 4383 1227 4460 quatuor
1249 4396 1351 4439 annos
1376 4374 1493 4460 aliquis
1513 4374 1672 4440 dictorum
1694 4383 1831 4461 quatuor

409 4477 640 4562 magistrorum
662 4472 793 4539 cederet
811 4472 862 4538 vel
884 4473 1064 4557 decederet,
1085 4473 1167 4538 alius
1184 4472 1327 4538 eiusdem
1339 4475 1485 4539 nacionis
1507 4477 1662 4561 capiatur.
1705 4470 1831 4554 Quibus

410 4585 547 4662 quatuor
569 4577 663 4639 annis
684 4573 796 4661 lapsis,
817 4584 935 4639 extunc
956 4596 1015 4639 nos
1036 4574 1130 4638 huius
1151 4572 1279 4638 articuli
1302 4573 1543 4641 ordinacionem
1563 4596 1620 4639 sen
1641 4572 1831 4660 disposicio·

368 4685 483 4742 35nem
504 4673 693 4739 immutandi
713 4672 765 4737 vel
787 4673 920 4738 ulterius
942 4672 1151 4739 continuandi
1172 4672 1294 4758 absque
1317 4675 1504 4761 cuiusquam
1530 4674 1677 4741 nacionis
1705 4681 1831 4737 contra·

411 4773 557 4839 diceione
578 4773 707 4860 plenam
731 4783 763 4837 et
785 4771 921 4838 liberam
943 4774 1133 4839 habebimus
1155 4773 1351 4839 facultatem.

752 4959 798 5004 DE
818 4957 948 5006 ORDINE
970 4958 1219 5006 unolsrltoltuu
1242 4960 1277 5006 IN
1301 4958 1493 5007 conusens.

493 5090 574 5153 Item
596 5101 645 5153 est
665 5090 856 5154 intensionis
879 5099 911 5154 et
930 5089 1106 5154 voluntatis
1120 5101 1258 5174 nostrae,
1280 5090 1367 5177 quod
1382 5091 1541 5176 magistri,
1563 5089 1618 5174 qui
1632 5088 1833 5175 recipiuntur

411 5211 557 5276 prouunc
578 5188 621 5252 ad
645 5188 795 5275 collegia,
817 5189 961 5255 ordinem
984 5188 1158 5255 secundum
1181 5192 1304 5256 senium
1325 5190 1506 5278 magisterii
1528 5187 1758 5254 observabunt.
