3756 6158
680 450 731 500 Die
750 450 867 502 Statntcn
886 466 939 502 ron
962 450 1133 504 twa-tom.
1560 452 1622 516 599

246 637 293 699 24.
323 648 590 699 succussussos
612 651 648 697 nr
669 649 845 698 usnrcnus
865 652 934 700 rna
954 653 1110 712 nusquarr
1131 651 1332 700 sscrronru
1355 651 1518 699 remmus
1541 651 1580 699 sn

674 750 857 799 ssmrrann
879 751 925 800 an
948 752 1145 800 nrcnucuu.

288 879 433 961 Quilibet
453 880 684 947 baccalaureus
705 881 895 965 medicinae,
916 882 1028 950 volens
1050 907 1107 949 suo
1135 893 1281 971 tempore
1309 883 1342 946 in
1368 879 1481 946 eadem
1511 889 1620 969 petere

203 977 383 1061 licenciam,
405 980 502 1046 debet
523 983 614 1068 prius
636 1005 656 1046 a
678 980 864 1046 doctoribus
886 982 927 1047 de
948 982 1082 1048 consilio
1110 982 1274 1048 facultatis
1302 983 1449 1068 optinere
1476 981 1620 1045 favorem

205 1077 334 1164 legendi
356 1079 496 1165 aliquam
517 1081 686 1146 lectionem
708 1082 741 1145 in
763 1081 918 1147 facsdtate
936 1082 1065 1148 medica
1086 1104 1145 1170 pro
1166 1081 1304 1146 licencia
1323 1103 1383 1145 suo
1395 1090 1539 1167 tempore
1551 1076 1619 1142 adi-
1643 1078 1662 1143 '⁵

205 1178 376 1265 piscenda3
398 1189 430 1244 et
451 1190 623 1265 antequam
646 1180 707 1246 hoc
727 1181 851 1264 fecerit,
872 1180 915 1246 ad
935 1180 1105 1248 licenciam
1127 1183 1258 1247 minime
1280 1179 1480 1244 admittatur.

310 1366 359 1429 25·
386 1380 639 1432 ulcuucmmua
667 1383 836 1432 LITTERAS
855 1382 1239 1432 vrcucaucannsmauus
1261 1382 1334 1431 SUIS
1356 1380 1523 1430 sursulus

800 1483 1022 1531 marsnam.

287 1613 535 1698 Licenciandus,
557 1624 730 1704 postquam
752 1614 977 1702 perductores
999 1615 1041 1680 ed
1063 1614 1234 1680 licenciam
1255 1615 1288 1680 in
1317 1614 1486 1680 medicinis
1506 1612 1623 1678 admis-

205 1734 260 1775 sus
281 1721 339 1793 est,
360 1715 425 1778 suis
447 1716 599 1801 expensis
620 1713 931 1797 vicecancellarium,
952 1715 1044 1780 iuxta
1072 1713 1313 1781 ordinacionem
1337 1713 1501 1779 facultatis
1528 1711 1666 1776 dem-10

205 1834 263 1897 per
284 1814 403 1876 factam
426 1813 488 1878 sibi
509 1812 652 1879 dandum
673 1837 731 1901 per
763 1814 927 1879 dominum
955 1815 1142 1901 episcopum
1169 1813 1486 1900 Merssburgensem,
1513 1834 1625 1876 verum

205 1910 450 1994 cancellarium,
479 1936 551 1978 cum
579 1912 694 1979 litteris
723 1924 832 1979 tamen
853 1912 1030 1996 facultatis,
1065 1912 1170 1979 eidem
1191 1915 1346 2001 episeopo
1368 1909 1625 2001 praesentandis,

204 2009 401 2097 impetrabit.
445 2011 507 2079 oui
526 2014 620 2077 iuxta
646 2024 787 2078 veterem
816 2036 956 2095 morem,
1000 2015 1027 2078 si
1056 2012 1145 2078 solus
1173 2035 1255 2078 unus
1277 2014 1374 2077 fucrit
1392 2008 1623 2092 licenciandus,

204 2108 358 2175 talentum
381 2135 479 2178 unum
501 2112 541 2177 de
562 2112 723 2194 confecto,
752 2114 780 2177 si
809 2112 937 2198 plures,
968 2111 1103 2201 quilibet
1131 2135 1241 2178 eorum
1269 2134 1369 2177 unum
1388 2109 1543 2175 talentum
1564 2133 1624 2195 pro

205 2208 289 2273 dono
311 2210 427 2275 offerre
446 2209 614 2275 tenebitur.
637 2210 681 2276 Et
692 2211 777 2276 tiltra
797 2211 859 2276 hoc
879 2211 999 2276 habeat
1018 2211 1217 2277 voluntatem
1240 2211 1416 2291 secretarii,
1438 2231 1498 2296 pro
1514 2209 1665 2274 huius-15

203 2308 291 2374 modi
313 2308 428 2374 litteris
450 2309 769 2375 vicecancellariatus
791 2312 921 2397 seriptis
943 2310 1049 2376 eidem
1072 2309 1316 2394 satisfaciendo;
1338 2321 1387 2376 est
1409 2318 1517 2375 autem
1541 2329 1615 2397 pec·

205 2410 301 2474 cunia
321 2409 417 2474 unius
439 2408 552 2474 doreni
575 2411 609 2474 in
631 2432 710 2475 auro
731 2433 802 2475 cum
824 2418 961 2495 quatuor
983 2412 1117 2496 grossis.

268 2599 315 2658 26.
337 2609 590 2659 sternentibus
613 2609 776 2658 TEMPORE
798 2611 964 2660 sxaums
987 2612 1187 2660 semestrua
1210 2609 1365 2661 SOLVERE
1386 2609 1571 2661 Duoneclu

719 2710 902 2760 FLORENOS
924 2712 1108 2760 RENENSES.

289 2841 525 2908 Liccnciandus
547 2843 580 2905 in
602 2841 780 2924 medicinis,
810 2845 854 2909 ad
875 2867 1013 2910 examen
1044 2867 1103 2931 per
1129 2844 1277 2911 doctores
1306 2840 1370 2930 [lb]
1400 2844 1563 2909 admissus
1593 2853 1668 2909 stro

205 2945 425 3026 examinatus,
467 2954 640 3031 antequam
677 2942 739 3007 sibi
769 2966 827 3030 per
856 2944 1004 3009 doctores
1026 2945 1266 3010 examinatores
1286 2965 1476 3031 responsum
1495 2943 1535 3008 de
1557 2943 1626 3007 eius

205 3043 403 3109 admissione
424 3042 561 3124 dicatur,
594 3040 698 3107 solvet
718 3066 778 3131 pro
800 3043 913 3109 labore
941 3055 972 3108 et
1000 3042 1121 3109 solacio
1149 3043 1315 3109 doctorum
1344 3041 1513 3108 duodecim
1533 3041 1625 3108 flore·

205 3167 274 3226 nos,
297 3145 352 3232 qui
375 3140 715 3231 proporcionabiliter¹
736 3147 820 3209 inter
841 3166 896 3210 eos
917 3143 1160 3209 distribuantur.
1193 3143 1372 3208 Tenebitur
1394 3144 1499 3207 eciam
1521 3140 1622 3207 domi·

204 3266 264 3311 nos
286 3242 436 3308 doctores
457 3251 489 3307 et
510 3240 740 3308 baccalaureos
761 3266 839 3310 suae
866 3243 1029 3309 facultatis
1060 3245 1095 3308 in
1121 3242 1259 3331 prandio
1287 3241 1462 3309 honorifice
1490 3263 1552 3329 quo
1579 3239 1623 3306 ad

204 3342 377 3430 poculenta
397 3352 430 3408 et
450 3341 614 3408 esculenta
637 3343 778 3408 reficere.
1633 3346 1667 3406 25

348 3515 395 3575 27.
426 3524 680 3574 ulcuucmunus
710 3527 873 3576 TENETUR
895 3525 1125 3576 sarlsracuaa
1147 3523 1479 3575 vlcacaucauuaalo.

288 3657 525 3724 Licenciandus
546 3658 813 3725 vicecancellario
841 3682 916 3741 suo,
959 3667 1134 3746 antequam
1161 3661 1288 3747 aperiet
1313 3678 1469 3741 examen,
1500 3666 1625 3724 tenetur

208 3759 405 3842 satisfacere,
425 3757 529 3822 eidem
552 3760 708 3844 quinque²
729 3759 870 3826 florenos
891 3781 951 3847 pro
972 3760 1038 3824 suis
1059 3758 1226 3825 laboribus
1248 3754 1439 3824 offerendos

279 3948 328 4010 28.
350 3959 576 4009 arcuncurtis
600 3961 637 4009 ru
658 3961 840 4009 arrunsru
861 3962 947 4010 suar
969 3958 1247 4010 mesucmrosas
1270 3959 1376 4007 naam
1398 3959 1547 4008 rauums

713 4061 974 4110 uurvsssrrsrrs
998 4061 1022 4109 u
1043 4043 1121 4107 ru*
1633 4049 1669 4106 3ο

269 4233 317 4295 29.
345 4245 576 4294 runaunurmr
604 4243 801 4293 mosacum
822 4243 985 4311 novrum,
1007 4241 1104 4303 Qoon
1124 4241 1324 4290 rasnsrsan
1345 4241 1508 4291 rasurus
1528 4243 1564 4293 nr

350 4345 530 4393 mraaaru
553 4344 641 4394 suan
663 4343 956 4408 mosucurunan,
986 4343 1032 4390 nr
1055 4342 1121 4389 rna
1143 4342 1240 4390 nunu
1261 4342 1308 4390 ax
1330 4341 1479 4391 rsuonrs

641 4442 903 4492 nmvnasrrsrrs
924 4440 1190 4492 rusmcamros.

292 4543 455 4625 „Domine
476 4541 692 4625 licenciande,
721 4565 780 4608 vos
808 4542 974 4624 iurabitis,
1003 4540 1091 4630 quod
1112 4539 1218 4607 velitis
1240 4562 1416 4627 procurare
1439 4538 1559 4605 bonum
1580 4541 1626 4606 fa·

209 4642 339 4708 cultatis
359 4641 550 4725 medicinae,
571 4642 614 4708 ad
634 4664 855 4731 quemcunque
877 4651 996 4708 statum
1015 4641 1226 4724 deveneritis;
1253 4641 1329 4705 item
1357 4638 1443 4726 quod
1462 4661 1526 4706 non
1545 4638 1621 4706 veli·
1633 4650 1668 4708 ³5

296 4882 307 4932 1
329 4875 421 4931 Datur
439 4891 484 4930 am
502 4874 613 4931 Raude:
629 4875 788 4946 aequaliter.

294 4965 310 5015 2
327 4959 381 5014 Die
399 4959 469 5015 Zahl
486 4958 560 5014 steht
575 4959 628 5014 ant·
642 4959 738 5014 Rasur.

294 5041 896 5106 ³AmRandeanaadavides'aalta-o.

296 5133 313 5184 4
332 5128 431 5203 opstat
449 5127 486 5183 ist
503 5126 686 5201 ummefiigt
702 5129 732 5184 a'a
748 5145 828 5183 m.
