3756 6158
760 464 808 514 Die
828 465 1011 529 theologische
1028 467 1157 521 Facultltt.

711 734 914 783 APPARATUS
935 734 1203 783 PROMOTIONUM.

868 871 975 934 Caput
996 871 1046 920 IX.

328 998 574 1084 Disputationes
596 999 762 1086 publicae,
789 1001 905 1089 quibus
929 1001 972 1066 ad
994 999 1278 1067 baccalaureatum
1300 1012 1332 1066 et
1351 1001 1518 1066 licentiam
1546 1002 1673 1088 publice

245 1096 469 1184 disquiruntur
489 1098 620 1182 ingenia
641 1109 673 1164 et
695 1099 852 1183 doctrina,
881 1104 915 1166 in
936 1100 1109 1165 licentiatis
1133 1100 1240 1188 placet
1259 1100 1322 1165 hoc
1342 1103 1478 1184 servari,
1510 1112 1547 1166 ut
1570 1101 1672 1189 pridie

203 1207 220 1261 5
249 1199 318 1262 eius
341 1197 415 1277 diei,
444 1220 507 1284 quo
535 1202 720 1284 promoveri
747 1199 925 1281 debebunt,
954 1211 1028 1288 post
1058 1201 1226 1265 meridiem
1254 1201 1295 1265 ad
1326 1200 1519 1286 adsignatae
1548 1200 1672 1288 aliquas

246 1297 451 1384 quaestiones
478 1296 608 1384 publice
635 1299 854 1387 respondeant
878 1300 966 1365 horis
988 1299 1125 1382 duabus,
1155 1312 1186 1365 et
1210 1324 1323 1366 rursus
1352 1322 1447 1365 mane
1469 1299 1525 1364 die
1547 1323 1671 1388 promo·

246 1396 344 1460 tionis
364 1395 508 1480 totidem,
530 1406 626 1486 atque
646 1401 692 1463 ita
713 1401 811 1465 ritum
831 1400 1042 1487 promotionis
1064 1402 1186 1486 peragi.

333 1494 553 1563 Baeculaureo
584 1508 690 1564 autem
723 1499 844 1584 gradus
876 1501 923 1563 sic
953 1500 1147 1580 conferatur,
1175 1508 1210 1563 ut
1239 1501 1273 1563 in
1302 1499 1463 1564 auditorio
1493 1498 1672 1585 theologico

247 1594 353 1659 iussus
380 1598 415 1659 in
444 1596 574 1682 publico
604 1622 757 1663 consessu
784 1621 802 1662 e
831 1597 986 1663 cathedra
1012 1599 1135 1662 minore
1164 1597 1323 1663 declamet
1351 1622 1411 1686 pro
1439 1598 1579 1663 exordio
1607 1601 1672 1664 eius

210 1704 241 1757 10
251 1693 336 1775 libri,
363 1718 457 1782 quem
481 1706 530 1761 est
556 1695 672 1761 dehine
699 1698 827 1784 publice
850 1697 1081 1784 praelecturus.
1122 1697 1250 1762 Deinde
1279 1698 1421 1763 decanus
1446 1721 1468 1763 a
1494 1699 1672 1763 iuramento

249 1797 412 1881 conceptis
428 1794 538 1860 verbis
551 1795 799 1862 baccalaurenm
818 1797 944 1862 creabit
964 1820 1002 1860 ac
1024 1806 1101 1880 turn,
1123 1799 1238 1884 gratiis
1259 1800 1350 1880 actis,
1369 1795 1516 1883 hospites
1537 1796 1673 1862 dimittet

248 1891 291 1956 ad
312 1896 506 1960 convivium.

331 1989 392 2080 [Bl.
422 1992 473 2082 4⁸]
506 1995 737 2081 Designandus
771 1995 813 2061 ab
846 1997 994 2062 examine
1025 1996 1327 2062 vicecancellarium
1359 1999 1510 2084 impensa
1542 1996 1674 2083 propris

247 2092 421 2157 secundum
450 2106 634 2161 consuetam
660 2095 831 2161 formulam
863 2096 1051 2182 impetrabit
1081 2097 1122 2162 ab
1155 2098 1319 2185 episcopo.
1362 2097 1406 2178 Is,
1436 2094 1577 2182 collegio
1606 2118 1674 2160 con·

208 2200 364 2257 avocato
387 2215 425 2257 ac
447 2194 500 2258 die
519 2194 563 2260 ad
585 2195 841 2283 designationem
864 2196 962 2277 dicta,
991 2197 1023 2260 in
1050 2196 1212 2261 auditorio
1234 2196 1377 2261 maximo
1404 2193 1538 2282 publice
1566 2193 1675 2259 laudes

248 2313 362 2356 sacrae
384 2291 551 2358 doctrinae
573 2294 660 2360 dicat
681 2306 713 2360 et
733 2318 810 2360 mox
833 2295 956 2361 Christi
977 2296 1105 2360 nomine
1135 2320 1194 2383 pro
1225 2319 1314 2361 more
1344 2295 1558 2375 licentiatum,
1588 2297 1675 2381 prim

247 2392 427 2457 iuramento
449 2393 649 2477 obstrictum,
675 2394 832 2479 designet.
876 2394 996 2460 Omnia
1020 2395 1102 2460 haec
1123 2396 1196 2483 plus
1217 2397 1323 2461 minus
1352 2397 1438 2460 intra
1461 2395 1560 2459 unius
1581 2393 1676 2459 horae

248 2513 406 2577 spacium.

330 2590 555 2658 Doctoralium
575 2616 652 2659 vero
673 2594 849 2678 insignium
872 2594 1086 2659 ceremoniam
1107 2593 1253 2659 nonnihil
1280 2617 1301 2658 a
1326 2594 1466 2681 pristino
1487 2593 1674 2658 mutandam

206 2693 440 2756 wcensuimus.
482 2691 643 2759 Thernata
674 2717 734 2758 sua
761 2695 794 2757 in
825 2691 980 2758 cathedra
1008 2694 1163 2775 inferiori,
1193 2702 1229 2759 ut
1256 2704 1458 2758 caeterarum
1487 2692 1674 2757 facultatum

249 2787 424 2875 designati,
453 2792 564 2875 abeo,
595 2815 689 2879 quem
718 2803 936 2880 promotorem
958 2803 1093 2874 vocant,
1124 2795 1220 2875 iussi,
1249 2792 1413 2878 explicent
1440 2814 1499 2879 per
1533 2792 1673 2856 ordinem

249 2888 368 2974 singuli
390 2888 483 2956 docte
503 2901 534 2956 et
556 2892 720 2978 eleganter
743 2892 895 2979 claraque
917 2914 1006 2957 voce.
1039 2892 1169 2958 Dehinc
1189 2916 1232 2957 ex
1254 2891 1442 2957 doctoribus
1464 2893 1601 2956 novitiis
1623 2914 1673 2955 seu

247 2987 364 3053 futuris
386 2989 502 3075 aliquis
523 2991 566 3056 ad
587 2991 649 3057 hoc
671 2991 812 3057 delectus
834 3015 851 3056 c
873 2993 1032 3057 contionis
1056 3015 1169 3058 sacrae
1193 2993 1268 3057 ‚loco
1291 2990 1451 3057 declamet
1472 2991 1575 3056 studii
1596 2992 1672 3055 sacri

248 3086 371 3171 laudes,
401 3100 476 3177 post
502 3113 598 3176 quam
626 3093 802 3157 orationem
830 3090 1054 3177 insigniendus
1085 3091 1300 3176 geniculando
1333 3089 1564 3156 iusiurandum
1593 3090 1673 3155 dicat

208 3188 537 3271 amensamens,
565 3201 597 3254 et
616 3189 691 3255 inde
712 3193 744 3255 in
767 3189 956 3256 cathedram
985 3190 1132 3255 altiorem
1155 3190 1372 3256 conscendere
1396 3191 1488 3271 iussi,
1519 3192 1671 3255 consuetis

247 3287 431 3373 insignibus
453 3311 473 3352 a
495 3299 677 3374 promotore
698 3290 833 3354 honesto
855 3301 1017 3371 ornentur,
1040 3290 1168 3377 pileolo,
1190 3290 1317 3370 habitu,
1340 3288 1518 3354 bibliorum
1540 3288 1622 3354 libro
1643 3301 1670 3352 et

249 3387 369 3452 osculo.
411 3386 482 3467 Quo
506 3389 552 3452 sic
580 3399 712 3474 peracto
739 3390 796 3454 toti
818 3391 999 3470 consessui,
1028 3389 1299 3476 quemadmodum
1324 3387 1421 3469 solet,
1450 3391 1577 3473 gratias
1603 3400 1670 3473 agat

250 3486 288 3567 is,
318 3488 436 3571 quiex
463 3489 557 3551 novis
585 3487 770 3552 doctoribus
798 3499 847 3552 est
876 3488 947 3553 loco
976 3502 1167 3574 postremus.
1211 3488 1304 3569 Quae
1326 3511 1399 3552 cum
1420 3489 1467 3552 ita
1487 3487 1584 3566 fiunt,
1611 3500 1669 3550 tum

250 3597 282 3648 et
309 3584 510 3651 auditoribus
541 3586 715 3651 consulitur
742 3586 883 3674 aliquid,
912 3600 1007 3673 grata
1035 3589 1165 3653 interim
1195 3611 1268 3654 cum
1295 3587 1369 3652 aliis
1400 3586 1609 3652 facultatibus
1630 3590 1669 3650 in·

210 3685 414 3770 30signiendi
435 3684 673 3750 consuetudine.

855 3823 1065 3869 IURAMENTA.

884 3941 992 4004 Caput
1009 3941 1041 3990 X.

822 4071 1107 4137 Baccalaureandi.

335 4226 427 4312 „Ego
451 4226 498 4290 .N.
521 4227 602 4306 iuro,
632 4247 682 4288 me
711 4246 837 4288 sacram
851 4212 951 4287 ‘verbi
973 4221 1024 4285 dei
1047 4220 1227 4284 doctrinam
1257 4240 1337 4303 pure
1366 4228 1398 4281 et
1424 4217 1563 4282 fideliter
1593 4238 1671 4280 secu·

211 4337 361 4393 asturum
383 4336 414 4390 et
438 4335 558 4390 statuta
580 4323 743 4388 facultatis
770 4345 829 4409 pro
852 4321 976 4385 viribus
999 4330 1210 4401 servaturum,
1239 4318 1462 4403 decanumque
1490 4327 1523 4381 et
1543 4318 1672 4380 maiores

252 4447 341 4490 meos
362 4423 472 4489 debita
489 4424 672 4488 reverentia
693 4433 938 4508 prosecuturum
961 4443 1042 4484 esse.
1085 4419 1140 4484 Sic
1160 4441 1211 4483 me
1234 4417 1314 4482 deus
1337 4415 1473 4482 adiuvet
1494 4439 1552 4503 per
1575 4437 1672 4479 sacro·

253 4534 399 4589 sanctum
421 4523 624 4607 evangelium
645 4521 767 4586 suum.“

337 4641 515 4724 ,d'romitto
545 4640 678 4724 insuper
699 4660 810 4702 coram
835 4635 897 4701 hac
921 4635 1032 4700 schola
1060 4646 1172 4700 sancta
1198 4633 1271 4716 fide,
1298 4656 1351 4697 me
1379 4631 1523 4718 gradum
1544 4631 1672 4696 hnncin

255 4741 320 4806 aha
339 4740 427 4806 nulla
449 4737 617 4804 academia
638 4760 708 4803 esse
727 4736 970 4823 repetiturum.“

215 4917 248 4971 40
786 4898 792 4910 ”
854 4899 1066 4966 Licentiandi.

340 5037 432 5122 „Ego
448 5039 496 5101 .N.
510 5038 581 5101 iuro
600 5036 693 5101 vobis
717 5036 838 5100 decano
861 5045 893 5097 et
913 5032 1060 5098 facultati
1081 5030 1292 5116 theologicae,
1314 5054 1366 5096 me
1388 5042 1538 5097 sanctam
1561 5029 1670 5097 Christi

258 5136 436 5203 doctrinam
458 5137 584 5221 integre
605 5145 798 5216 secuturum,
819 5145 850 5199 et
870 5134 977 5235 omnia
997 5153 1112 5219 prava,
1135 5130 1273 5195 obscura
1294 5139 1326 5194 et
1346 5130 1515 5199 haeretica
1531 5130 1670 5217 dogmata
