<?xml version="1.0" encoding="UTF-8"?>
<!DOCTYPE html PUBLIC "-//W3C//DTD XHTML 1.0 Transitional//EN"
    "http://www.w3.org/TR/xhtml1/DTD/xhtml1-transitional.dtd">
<html xmlns="http://www.w3.org/1999/xhtml" xml:lang="en" lang="en">
 <head>
  <title>
</title>
<meta http-equiv="Content-Type" content="text/html;charset=utf-8" />
  <meta name='ocr-system' content='tesseract 3.04.00' />
  <meta name='ocr-capabilities' content='ocr_page ocr_carea ocr_par ocr_line ocrx_word'/>
</head>
<body>
  <div class='ocr_page' id='page_1' title='image "./diestatutenbche00univgoog_0123.png"; bbox 0 0 3756 6158; ppageno 0'>
   <div class='ocr_carea' id='block_1_1' title="bbox 243 482 1201 549">
    <p class='ocr_par' dir='ltr' id='par_1_1' title="bbox 243 482 1201 549">
     <span class='ocr_line' id='line_1_1' title="bbox 243 482 1201 549; baseline -0.006 -8"><span class='ocrx_word' id='word_1_1' title='bbox 243 484 302 549; x_wconf 81' lang='grc'><strong>104</strong></span> <span class='ocrx_word' id='word_1_2' title='bbox 713 484 769 534; x_wconf 87' lang='lat' dir='ltr'><strong>Des</strong></span> <span class='ocrx_word' id='word_1_3' title='bbox 787 484 921 534; x_wconf 81' lang='lat' dir='ltr'><strong>lohannes</strong></span> <span class='ocrx_word' id='word_1_4' title='bbox 937 482 1017 537; x_wconf 63' lang='lat' dir='ltr'><strong>&#39;ibn&#39;</strong></span> <span class='ocrx_word' id='word_1_5' title='bbox 1035 486 1068 534; x_wconf 84' lang='lat' dir='ltr'><strong>de</strong></span> <span class='ocrx_word' id='word_1_6' title='bbox 1086 485 1201 535; x_wconf 82' lang='lat' dir='ltr'><strong>Wsrdsa</strong></span> 
     </span>
    </p>
   </div>
   <div class='ocr_carea' id='block_1_2' title="bbox 241 663 1661 954">
    <p class='ocr_par' dir='ltr' id='par_1_2' title="bbox 241 663 1661 954">
     <span class='ocr_line' id='line_1_2' title="bbox 241 663 1660 758; baseline 0.004 -29"><span class='ocrx_word' id='word_1_7' title='bbox 241 673 273 729; x_wconf 90' lang='lat' dir='ltr'><strong>et</strong></span> <span class='ocrx_word' id='word_1_8' title='bbox 294 663 466 746; x_wconf 84' lang='lat' dir='ltr'><strong>custodiat,</strong></span> <span class='ocrx_word' id='word_1_9' title='bbox 488 687 527 730; x_wconf 88' lang='lat' dir='ltr'><strong>ac</strong></span> <span class='ocrx_word' id='word_1_10' title='bbox 549 666 718 731; x_wconf 87' lang='lat' dir='ltr'><strong>victoriam</strong></span> <span class='ocrx_word' id='word_1_11' title='bbox 740 666 846 733; x_wconf 91' lang='lat' dir='ltr'><strong>eidem</strong></span> <span class='ocrx_word' id='word_1_12' title='bbox 867 675 980 733; x_wconf 90' lang='lat' dir='ltr'><strong>contra</strong></span> <span class='ocrx_word' id='word_1_13' title='bbox 999 666 1104 732; x_wconf 90' lang='lat' dir='ltr'><strong>dictos</strong></span> <span class='ocrx_word' id='word_1_14' title='bbox 1126 666 1233 733; x_wconf 92' lang='lat' dir='ltr'><strong>hostes</strong></span> <span class='ocrx_word' id='word_1_15' title='bbox 1256 691 1334 736; x_wconf 92' lang='lat' dir='ltr'><strong>suos</strong></span> <span class='ocrx_word' id='word_1_16' title='bbox 1354 668 1526 753; x_wconf 84' lang='lat' dir='ltr'><strong>concedat,</strong></span> <span class='ocrx_word' id='word_1_17' title='bbox 1548 691 1660 758; x_wconf 87' lang='lat' dir='ltr'><strong>pacem</strong></span> 
     </span>
     <span class='ocr_line' id='line_1_3' title="bbox 242 764 1661 854; baseline 0.004 -24"><span class='ocrx_word' id='word_1_18' title='bbox 242 764 380 852; x_wconf 88' lang='lat' dir='ltr'><strong>denique</strong></span> <span class='ocrx_word' id='word_1_19' title='bbox 405 773 437 830; x_wconf 90' lang='lat' dir='ltr'><strong>et</strong></span> <span class='ocrx_word' id='word_1_20' title='bbox 463 764 730 852; x_wconf 76' lang='lat' dir='ltr'>tranquillitatem</span> <span class='ocrx_word' id='word_1_21' title='bbox 755 765 923 854; x_wconf 83' lang='lat' dir='ltr'><strong>largiatur.</strong></span> <span class='ocrx_word' id='word_1_22' title='bbox 975 765 1179 833; x_wconf 88' lang='lat' dir='ltr'><strong>Oblationem</strong></span> <span class='ocrx_word' id='word_1_23' title='bbox 1208 778 1346 854; x_wconf 91' lang='lat' dir='ltr'><strong>protunc</strong></span> <span class='ocrx_word' id='word_1_24' title='bbox 1371 769 1495 834; x_wconf 87' lang='lat' dir='ltr'><strong>faciant</strong></span> <span class='ocrx_word' id='word_1_25' title='bbox 1525 778 1559 834; x_wconf 89' lang='lat' dir='ltr'><strong>et</strong></span> <span class='ocrx_word' id='word_1_26' title='bbox 1587 768 1661 835; x_wconf 88' lang='lat' dir='ltr'><strong>inde</strong></span> 
     </span>
     <span class='ocr_line' id='line_1_4' title="bbox 241 863 1586 954; baseline 0.004 -25"><span class='ocrx_word' id='word_1_27' title='bbox 241 887 306 930; x_wconf 93' lang='lat' dir='ltr'><strong>non</strong></span> <span class='ocrx_word' id='word_1_28' title='bbox 324 863 480 930; x_wconf 72' lang='lat' dir='ltr'><strong>recedant</strong></span> <span class='ocrx_word' id='word_1_29' title='bbox 499 866 562 930; x_wconf 93' lang='lat' dir='ltr'><strong>nisi</strong></span> <span class='ocrx_word' id='word_1_30' title='bbox 584 867 685 932; x_wconf 92' lang='lat' dir='ltr'><strong>missa</strong></span> <span class='ocrx_word' id='word_1_31' title='bbox 705 865 889 933; x_wconf 89' lang='lat' dir='ltr'><strong>huiusmodi</strong></span> <span class='ocrx_word' id='word_1_32' title='bbox 911 866 1011 934; x_wconf 84' lang='lat' dir='ltr'><strong>finita.</strong></span> <span class='ocrx_word' id='word_1_33' title='bbox 1056 864 1124 932; x_wconf 83' lang='lat' dir='ltr'><strong>Sub</strong></span> <span class='ocrx_word' id='word_1_34' title='bbox 1146 888 1251 954; x_wconf 91' lang='lat' dir='ltr'><strong>poena</strong></span> <span class='ocrx_word' id='word_1_35' title='bbox 1271 868 1368 935; x_wconf 80' lang='lat' dir='ltr'><strong>unius</strong></span> <span class='ocrx_word' id='word_1_36' title='bbox 1386 867 1503 936; x_wconf 83' lang='lat' dir='ltr'><strong>floreni</strong></span> <span class='ocrx_word' id='word_1_37' title='bbox 1523 876 1586 934; x_wconf 76' lang='lat' dir='ltr'><strong>ets</strong></span> 
     </span>
    </p>
   </div>
   <div class='ocr_carea' id='block_1_3' title="bbox 213 1036 1639 1201">
    <p class='ocr_par' dir='ltr' id='par_1_3' title="bbox 213 1036 1639 1201">
     <span class='ocr_line' id='line_1_5' title="bbox 269 1036 1639 1103; baseline 0.004 -5"><span class='ocrx_word' id='word_1_38' title='bbox 269 1036 318 1099; x_wconf 78' lang='lat'><strong>22.</strong></span> <span class='ocrx_word' id='word_1_39' title='bbox 349 1050 544 1099; x_wconf 64' lang='lat' dir='ltr'><strong>manarum</strong></span> <span class='ocrx_word' id='word_1_40' title='bbox 565 1050 633 1099; x_wconf 83' lang='lat' dir='ltr'><strong>PRO</strong></span> <span class='ocrx_word' id='word_1_41' title='bbox 657 1049 756 1099; x_wconf 75' lang='lat' dir='ltr'><strong>mssa</strong></span> <span class='ocrx_word' id='word_1_42' title='bbox 778 1050 1039 1100; x_wconf 71' lang='lat' dir='ltr'><strong>[mvsasmrrs</strong></span> <span class='ocrx_word' id='word_1_43' title='bbox 1062 1049 1107 1099; x_wconf 84' lang='grc' dir='ltr'><strong>ΟΒ</strong></span> <span class='ocrx_word' id='word_1_44' title='bbox 1127 1051 1250 1100; x_wconf 76' lang='lat' dir='ltr'>NOVUM</span> <span class='ocrx_word' id='word_1_45' title='bbox 1272 1051 1459 1102; x_wconf 73' lang='lat' dir='ltr'><strong>ramelmi</strong></span> <span class='ocrx_word' id='word_1_46' title='bbox 1479 1052 1639 1103; x_wconf 69' lang='lat' dir='ltr'><strong>amru!</strong></span> 
     </span>
     <span class='ocr_line' id='line_1_6' title="bbox 213 1140 1066 1201; baseline 0.002 -5"><span class='ocrx_word' id='word_1_47' title='bbox 213 1140 229 1196; x_wconf 80' lang='lat'><strong>5</strong></span> <span class='ocrx_word' id='word_1_48' title='bbox 822 1149 1066 1201; x_wconf 71' lang='lat' dir='ltr'><strong>caesaram.</strong></span> 
     </span>
    </p>
   </div>
   <div class='ocr_carea' id='block_1_4' title="bbox 203 1262 1665 1853">
    <p class='ocr_par' dir='ltr' id='par_1_4' title="bbox 242 1262 1665 1653">
     <span class='ocr_line' id='line_1_7' title="bbox 324 1262 1665 1356; baseline 0.004 -27"><span class='ocrx_word' id='word_1_49' title='bbox 324 1263 460 1330; x_wconf 87' lang='lat' dir='ltr'><strong>Mandat</strong></span> <span class='ocrx_word' id='word_1_50' title='bbox 485 1262 634 1331; x_wconf 92' lang='lat' dir='ltr'><strong>omnibus</strong></span> <span class='ocrx_word' id='word_1_51' title='bbox 660 1274 692 1329; x_wconf 88' lang='lat' dir='ltr'><strong>et</strong></span> <span class='ocrx_word' id='word_1_52' title='bbox 718 1266 853 1353; x_wconf 88' lang='lat' dir='ltr'><strong>singulis</strong></span> <span class='ocrx_word' id='word_1_53' title='bbox 881 1276 957 1350; x_wconf 80' lang='lat' dir='ltr'><strong>etc,</strong></span> <span class='ocrx_word' id='word_1_54' title='bbox 992 1275 1151 1356; x_wconf 89' lang='lat' dir='ltr'><strong>quatenus</strong></span> <span class='ocrx_word' id='word_1_55' title='bbox 1187 1288 1261 1332; x_wconf 90' lang='lat' dir='ltr'><strong>cras</strong></span> <span class='ocrx_word' id='word_1_56' title='bbox 1288 1266 1369 1332; x_wconf 90' lang='lat' dir='ltr'><strong>hora</strong></span> <span class='ocrx_word' id='word_1_57' title='bbox 1396 1289 1434 1335; x_wconf 86' lang='lat' dir='ltr'><strong>n.</strong></span> <span class='ocrx_word' id='word_1_58' title='bbox 1463 1268 1498 1333; x_wconf 87' lang='lat' dir='ltr'><strong>in</strong></span> <span class='ocrx_word' id='word_1_59' title='bbox 1527 1266 1665 1335; x_wconf 82' lang='lat' dir='ltr'><strong>ecclesia</strong></span> 
     </span>
     <span class='ocr_line' id='line_1_8' title="bbox 242 1362 1663 1457; baseline 0.002 -25"><span class='ocrx_word' id='word_1_60' title='bbox 242 1365 346 1432; x_wconf 89' lang='lat' dir='ltr'><strong>sancti</strong></span> <span class='ocrx_word' id='word_1_61' title='bbox 368 1364 416 1432; x_wconf 87' lang='lat' dir='ltr'><strong>.N.</strong></span> <span class='ocrx_word' id='word_1_62' title='bbox 436 1365 629 1430; x_wconf 86' lang='lat' dir='ltr'><strong>conveniant</strong></span> <span class='ocrx_word' id='word_1_63' title='bbox 658 1374 690 1430; x_wconf 92' lang='lat' dir='ltr'><strong>et</strong></span> <span class='ocrx_word' id='word_1_64' title='bbox 720 1366 840 1431; x_wconf 92' lang='lat' dir='ltr'><strong>missae</strong></span> <span class='ocrx_word' id='word_1_65' title='bbox 872 1366 1095 1432; x_wconf 87' lang='lat' dir='ltr'><strong>universitatis</strong></span> <span class='ocrx_word' id='word_1_66' title='bbox 1127 1364 1248 1432; x_wconf 91' lang='lat' dir='ltr'><strong>ibidem</strong></span> <span class='ocrx_word' id='word_1_67' title='bbox 1281 1364 1324 1431; x_wconf 92' lang='lat' dir='ltr'><strong>ad</strong></span> <span class='ocrx_word' id='word_1_68' title='bbox 1359 1364 1489 1432; x_wconf 88' lang='lat' dir='ltr'><strong>laudem</strong></span> <span class='ocrx_word' id='word_1_69' title='bbox 1520 1376 1555 1433; x_wconf 85' lang='lat' dir='ltr'><strong>et</strong></span> <span class='ocrx_word' id='word_1_70' title='bbox 1574 1362 1663 1457; x_wconf 77' lang='lat'>[1³⁸]</span> 
     </span>
     <span class='ocr_line' id='line_1_9' title="bbox 242 1463 1665 1554; baseline 0.002 -24"><span class='ocrx_word' id='word_1_71' title='bbox 242 1464 396 1531; x_wconf 80' lang='lat' dir='ltr'><strong>honorem</strong></span> <span class='ocrx_word' id='word_1_72' title='bbox 416 1466 663 1550; x_wconf 79' lang='lat' dir='ltr'><strong>cunctipotentis</strong></span> <span class='ocrx_word' id='word_1_73' title='bbox 686 1463 738 1530; x_wconf 89' lang='lat' dir='ltr'><strong>dei</strong></span> <span class='ocrx_word' id='word_1_74' title='bbox 759 1464 1077 1554; x_wconf 74' lang='lat' dir='ltr'>gloriosissimeque</span> <span class='ocrx_word' id='word_1_75' title='bbox 1096 1466 1235 1552; x_wconf 86' lang='lat' dir='ltr'><strong>virginis</strong></span> <span class='ocrx_word' id='word_1_76' title='bbox 1257 1466 1372 1531; x_wconf 87' lang='lat' dir='ltr'><strong>matris</strong></span> <span class='ocrx_word' id='word_1_77' title='bbox 1386 1464 1513 1533; x_wconf 84' lang='lat' dir='ltr'><strong>Mariae</strong></span> <span class='ocrx_word' id='word_1_78' title='bbox 1527 1465 1571 1533; x_wconf 90' lang='lat' dir='ltr'><strong>ob</strong></span> <span class='ocrx_word' id='word_1_79' title='bbox 1586 1468 1665 1533; x_wconf 85' lang='lat' dir='ltr'><strong>novi</strong></span> 
     </span>
     <span class='ocr_line' id='line_1_10' title="bbox 242 1562 1664 1653; baseline 0.004 -25"><span class='ocrx_word' id='word_1_80' title='bbox 242 1564 400 1652; x_wconf 91' lang='lat' dir='ltr'><strong>principis</strong></span> <span class='ocrx_word' id='word_1_81' title='bbox 421 1563 515 1629; x_wconf 89' lang='lat' dir='ltr'><strong>huius</strong></span> <span class='ocrx_word' id='word_1_82' title='bbox 536 1572 643 1629; x_wconf 90' lang='lat' dir='ltr'><strong>terrae</strong></span> <span class='ocrx_word' id='word_1_83' title='bbox 665 1573 697 1630; x_wconf 87' lang='lat' dir='ltr'><strong>et</strong></span> <span class='ocrx_word' id='word_1_84' title='bbox 717 1565 821 1651; x_wconf 87' lang='lat' dir='ltr'><strong>patris</strong></span> <span class='ocrx_word' id='word_1_85' title='bbox 842 1563 1034 1652; x_wconf 76' lang='lat' dir='ltr'>gaudiosam</span> <span class='ocrx_word' id='word_1_86' title='bbox 1055 1565 1312 1653; x_wconf 78' lang='lat' dir='ltr'><strong>procreationem</strong></span> <span class='ocrx_word' id='word_1_87' title='bbox 1334 1562 1534 1633; x_wconf 80' lang='lat' dir='ltr'><strong>sollemniter</strong></span> <span class='ocrx_word' id='word_1_88' title='bbox 1548 1565 1664 1633; x_wconf 83' lang='lat' dir='ltr'><strong>decan·</strong></span> 
     </span>
    </p>

    <p class='ocr_par' dir='ltr' id='par_1_5' title="bbox 203 1661 1664 1853">
     <span class='ocr_line' id='line_1_11' title="bbox 203 1661 1664 1747; baseline 0.002 -17"><span class='ocrx_word' id='word_1_89' title='bbox 203 1663 364 1730; x_wconf 63' lang='lat' dir='ltr'><strong>rotundas</strong></span> <span class='ocrx_word' id='word_1_90' title='bbox 391 1673 423 1730; x_wconf 91' lang='lat' dir='ltr'><strong>et</strong></span> <span class='ocrx_word' id='word_1_91' title='bbox 449 1664 590 1729; x_wconf 89' lang='lat' dir='ltr'><strong>sermoni</strong></span> <span class='ocrx_word' id='word_1_92' title='bbox 614 1661 696 1729; x_wconf 93' lang='lat' dir='ltr'><strong>inibi</strong></span> <span class='ocrx_word' id='word_1_93' title='bbox 723 1662 830 1730; x_wconf 86' lang='lat' dir='ltr'><strong>fiendo</strong></span> <span class='ocrx_word' id='word_1_94' title='bbox 856 1663 1006 1730; x_wconf 90' lang='lat' dir='ltr'><strong>decenter</strong></span> <span class='ocrx_word' id='word_1_95' title='bbox 1027 1663 1187 1730; x_wconf 81' lang='lat' dir='ltr'><strong>habitasti</strong></span> <span class='ocrx_word' id='word_1_96' title='bbox 1208 1664 1372 1747; x_wconf 88' lang='lat' dir='ltr'><strong>intersint,</strong></span> <span class='ocrx_word' id='word_1_97' title='bbox 1400 1662 1600 1733; x_wconf 84' lang='lat' dir='ltr'><strong>oblationem</strong></span> <span class='ocrx_word' id='word_1_98' title='bbox 1617 1666 1664 1733; x_wconf 72' lang='lat' dir='ltr'><strong>fs·</strong></span> 
     </span>
     <span class='ocr_line' id='line_1_12' title="bbox 244 1761 1664 1853; baseline 0.002 -25"><span class='ocrx_word' id='word_1_99' title='bbox 244 1765 331 1829; x_wconf 88' lang='lat' dir='ltr'><strong>ciant</strong></span> <span class='ocrx_word' id='word_1_100' title='bbox 350 1773 383 1829; x_wconf 92' lang='lat' dir='ltr'><strong>et</strong></span> <span class='ocrx_word' id='word_1_101' title='bbox 400 1763 477 1829; x_wconf 90' lang='lat' dir='ltr'><strong>inde</strong></span> <span class='ocrx_word' id='word_1_102' title='bbox 497 1786 564 1829; x_wconf 92' lang='lat' dir='ltr'><strong>non</strong></span> <span class='ocrx_word' id='word_1_103' title='bbox 582 1761 739 1830; x_wconf 81' lang='lat' dir='ltr'><strong>recedent</strong></span> <span class='ocrx_word' id='word_1_104' title='bbox 756 1763 821 1829; x_wconf 93' lang='lat' dir='ltr'><strong>nisi</strong></span> <span class='ocrx_word' id='word_1_105' title='bbox 841 1763 904 1830; x_wconf 90' lang='lat' dir='ltr'><strong>hiis</strong></span> <span class='ocrx_word' id='word_1_106' title='bbox 915 1764 1024 1831; x_wconf 88' lang='lat' dir='ltr'><strong>finitis.</strong></span> <span class='ocrx_word' id='word_1_107' title='bbox 1054 1763 1123 1831; x_wconf 88' lang='lat' dir='ltr'><strong>Sub</strong></span> <span class='ocrx_word' id='word_1_108' title='bbox 1136 1786 1243 1852; x_wconf 91' lang='lat' dir='ltr'><strong>poena</strong></span> <span class='ocrx_word' id='word_1_109' title='bbox 1252 1773 1390 1853; x_wconf 89' lang='lat' dir='ltr'><strong>quatuor</strong></span> <span class='ocrx_word' id='word_1_110' title='bbox 1403 1786 1594 1851; x_wconf 86' lang='lat' dir='ltr'><strong>grossormn</strong></span> <span class='ocrx_word' id='word_1_111' title='bbox 1606 1773 1664 1831; x_wconf 83' lang='lat' dir='ltr'><strong>etc</strong></span> 
     </span>
    </p>
   </div>
   <div class='ocr_carea' id='block_1_5' title="bbox 301 1937 1606 2099">
    <p class='ocr_par' dir='ltr' id='par_1_6' title="bbox 301 1937 1606 2099">
     <span class='ocr_line' id='line_1_13' title="bbox 301 1937 1606 2001; baseline -0.002 0"><span class='ocrx_word' id='word_1_112' title='bbox 301 1937 350 2001; x_wconf 83' lang='lat'><strong>23.</strong></span> <span class='ocrx_word' id='word_1_113' title='bbox 384 1948 579 1998; x_wconf 69' lang='lat' dir='ltr'><strong>manarum</strong></span> <span class='ocrx_word' id='word_1_114' title='bbox 599 1947 648 1997; x_wconf 87' lang='lat' dir='ltr'><strong>ns</strong></span> <span class='ocrx_word' id='word_1_115' title='bbox 669 1947 861 1998; x_wconf 79' lang='lat' dir='ltr'><strong>soresmos</strong></span> <span class='ocrx_word' id='word_1_116' title='bbox 881 1948 997 1998; x_wconf 81' lang='lat' dir='ltr'><strong>rsoan</strong></span> <span class='ocrx_word' id='word_1_117' title='bbox 1016 1948 1225 1998; x_wconf 79' lang='lat' dir='ltr'><strong>munsnsars</strong></span> <span class='ocrx_word' id='word_1_118' title='bbox 1244 1948 1511 1999; x_wconf 81' lang='lat' dir='ltr'><strong>narasasrmus</strong></span> <span class='ocrx_word' id='word_1_119' title='bbox 1530 1948 1606 1999; x_wconf 80' lang='lat' dir='ltr'><strong>sos</strong></span> 
     </span>
     <span class='ocr_line' id='line_1_14' title="bbox 827 2047 1080 2099; baseline -0.016 0"><span class='ocrx_word' id='word_1_120' title='bbox 827 2047 1080 2099; x_wconf 76' lang='lat' dir='ltr'><strong>orrannmrms.</strong></span> 
     </span>
    </p>
   </div>
   <div class='ocr_carea' id='block_1_6' title="bbox 205 2161 1667 2954">
    <p class='ocr_par' dir='ltr' id='par_1_7' title="bbox 205 2161 1667 2954">
     <span class='ocr_line' id='line_1_15' title="bbox 327 2161 1664 2255; baseline 0.004 -27"><span class='ocrx_word' id='word_1_121' title='bbox 327 2162 464 2230; x_wconf 86' lang='lat' dir='ltr'><strong>Mandat</strong></span> <span class='ocrx_word' id='word_1_122' title='bbox 488 2161 636 2230; x_wconf 89' lang='lat' dir='ltr'><strong>omnibus</strong></span> <span class='ocrx_word' id='word_1_123' title='bbox 666 2172 699 2229; x_wconf 92' lang='lat' dir='ltr'><strong>et</strong></span> <span class='ocrx_word' id='word_1_124' title='bbox 719 2163 854 2251; x_wconf 82' lang='lat' dir='ltr'><strong>singulis</strong></span> <span class='ocrx_word' id='word_1_125' title='bbox 874 2165 1095 2231; x_wconf 83' lang='lat' dir='ltr'><strong>universitatis</strong></span> <span class='ocrx_word' id='word_1_126' title='bbox 1116 2163 1260 2230; x_wconf 88' lang='lat' dir='ltr'><strong>eiusdem</strong></span> <span class='ocrx_word' id='word_1_127' title='bbox 1280 2164 1472 2253; x_wconf 86' lang='lat' dir='ltr'><strong>suppositis,</strong></span> <span class='ocrx_word' id='word_1_128' title='bbox 1503 2173 1664 2255; x_wconf 77' lang='lat' dir='ltr'><strong>quatenus</strong></span> 
     </span>
     <span class='ocr_line' id='line_1_16' title="bbox 206 2262 1666 2353; baseline 0.001 -22"><span class='ocrx_word' id='word_1_129' title='bbox 206 2265 307 2331; x_wconf 88' lang='lat' dir='ltr'><strong>15hoc</strong></span> <span class='ocrx_word' id='word_1_130' title='bbox 330 2286 402 2330; x_wconf 87' lang='lat' dir='ltr'><strong>sero</strong></span> <span class='ocrx_word' id='word_1_131' title='bbox 423 2262 600 2352; x_wconf 85' lang='lat' dir='ltr'><strong>diebusque</strong></span> <span class='ocrx_word' id='word_1_132' title='bbox 621 2273 653 2330; x_wconf 87' lang='lat' dir='ltr'><strong>et</strong></span> <span class='ocrx_word' id='word_1_133' title='bbox 671 2263 820 2331; x_wconf 89' lang='lat' dir='ltr'><strong>noctibus</strong></span> <span class='ocrx_word' id='word_1_134' title='bbox 842 2262 1066 2353; x_wconf 85' lang='lat' dir='ltr'><strong>sequentibus,</strong></span> <span class='ocrx_word' id='word_1_135' title='bbox 1093 2263 1169 2330; x_wconf 90' lang='lat' dir='ltr'><strong>dum</strong></span> <span class='ocrx_word' id='word_1_136' title='bbox 1195 2273 1323 2331; x_wconf 86' lang='lat' dir='ltr'><strong>sutores·</strong></span> <span class='ocrx_word' id='word_1_137' title='bbox 1340 2265 1434 2331; x_wconf 83' lang='lat' dir='ltr'><strong>iuxta</strong></span> <span class='ocrx_word' id='word_1_138' title='bbox 1454 2265 1552 2331; x_wconf 85' lang='lat' dir='ltr'><strong>ritum</strong></span> <span class='ocrx_word' id='word_1_139' title='bbox 1572 2288 1666 2333; x_wconf 85' lang='lat' dir='ltr'><strong>sunm</strong></span> 
     </span>
     <span class='ocr_line' id='line_1_17' title="bbox 245 2361 1666 2453; baseline 0.002 -23"><span class='ocrx_word' id='word_1_140' title='bbox 245 2365 333 2430; x_wconf 91' lang='lat' dir='ltr'><strong>faces</strong></span> <span class='ocrx_word' id='word_1_141' title='bbox 363 2362 528 2446; x_wconf 76' lang='lat' dir='ltr'><strong>ardentes,</strong></span> <span class='ocrx_word' id='word_1_142' title='bbox 555 2385 636 2453; x_wconf 88' lang='lat' dir='ltr'><strong>quas</strong></span> <span class='ocrx_word' id='word_1_143' title='bbox 661 2363 769 2431; x_wconf 88' lang='lat' dir='ltr'><strong>lumen</strong></span> <span class='ocrx_word' id='word_1_144' title='bbox 795 2362 951 2433; x_wconf 91' lang='lat' dir='ltr'><strong>Hallense</strong></span> <span class='ocrx_word' id='word_1_145' title='bbox 976 2365 1135 2447; x_wconf 88' lang='lat' dir='ltr'><strong>vocitant,</strong></span> <span class='ocrx_word' id='word_1_146' title='bbox 1162 2386 1221 2450; x_wconf 88' lang='lat' dir='ltr'><strong>per</strong></span> <span class='ocrx_word' id='word_1_147' title='bbox 1247 2364 1337 2429; x_wconf 88' lang='lat' dir='ltr'><strong>vicos</strong></span> <span class='ocrx_word' id='word_1_148' title='bbox 1365 2372 1398 2429; x_wconf 85' lang='lat' dir='ltr'><strong>et</strong></span> <span class='ocrx_word' id='word_1_149' title='bbox 1423 2361 1551 2452; x_wconf 81' lang='lat' dir='ltr'><strong>plateas</strong></span> <span class='ocrx_word' id='word_1_150' title='bbox 1570 2363 1666 2433; x_wconf 78' lang='lat' dir='ltr'><strong>huin</strong></span> 
     </span>
     <span class='ocr_line' id='line_1_18' title="bbox 246 2462 1667 2553; baseline -0.001 -21"><span class='ocrx_word' id='word_1_151' title='bbox 246 2463 359 2553; x_wconf 89' lang='lat' dir='ltr'><strong>oppidi</strong></span> <span class='ocrx_word' id='word_1_152' title='bbox 381 2463 617 2546; x_wconf 83' lang='lat' dir='ltr'><strong>circumferant,</strong></span> <span class='ocrx_word' id='word_1_153' title='bbox 639 2465 673 2529; x_wconf 93' lang='lat' dir='ltr'><strong>in</strong></span> <span class='ocrx_word' id='word_1_154' title='bbox 692 2465 760 2530; x_wconf 90' lang='lat' dir='ltr'><strong>suis</strong></span> <span class='ocrx_word' id='word_1_155' title='bbox 780 2462 1035 2531; x_wconf 83' lang='lat' dir='ltr'><strong>habitationibus</strong></span> <span class='ocrx_word' id='word_1_156' title='bbox 1057 2472 1090 2528; x_wconf 93' lang='lat' dir='ltr'><strong>et</strong></span> <span class='ocrx_word' id='word_1_157' title='bbox 1111 2463 1238 2529; x_wconf 88' lang='lat' dir='ltr'><strong>stantiis</strong></span> <span class='ocrx_word' id='word_1_158' title='bbox 1259 2485 1332 2530; x_wconf 90' lang='lat' dir='ltr'><strong>sese</strong></span> <span class='ocrx_word' id='word_1_159' title='bbox 1355 2464 1543 2530; x_wconf 85' lang='lat' dir='ltr'><strong>contineant</strong></span> <span class='ocrx_word' id='word_1_160' title='bbox 1562 2464 1667 2553; x_wconf 86' lang='lat' dir='ltr'><strong>ipsos·</strong></span> 
     </span>
     <span class='ocr_line' id='line_1_19' title="bbox 246 2561 1666 2654; baseline 0.001 -24"><span class='ocrx_word' id='word_1_161' title='bbox 246 2587 308 2654; x_wconf 89' lang='lat' dir='ltr'><strong>que</strong></span> <span class='ocrx_word' id='word_1_162' title='bbox 327 2567 362 2630; x_wconf 93' lang='lat' dir='ltr'><strong>in</strong></span> <span class='ocrx_word' id='word_1_163' title='bbox 383 2564 450 2629; x_wconf 87' lang='lat' dir='ltr'><strong>suis</strong></span> <span class='ocrx_word' id='word_1_164' title='bbox 473 2565 634 2647; x_wconf 83' lang='lat' dir='ltr'><strong>cepsuetis</strong></span> <span class='ocrx_word' id='word_1_165' title='bbox 656 2562 938 2646; x_wconf 89' lang='lat' dir='ltr'><strong>sollemnitatibus,</strong></span> <span class='ocrx_word' id='word_1_166' title='bbox 960 2563 1139 2629; x_wconf 85' lang='lat' dir='ltr'><strong>sivefaces</strong></span> <span class='ocrx_word' id='word_1_167' title='bbox 1160 2561 1415 2629; x_wconf 87' lang='lat' dir='ltr'><strong>circumferendo</strong></span> <span class='ocrx_word' id='word_1_168' title='bbox 1435 2564 1507 2633; x_wconf 80' lang='lat' dir='ltr'><strong>sive</strong></span> <span class='ocrx_word' id='word_1_169' title='bbox 1529 2562 1666 2631; x_wconf 66' lang='lat' dir='ltr'><strong>mersas</strong></span> 
     </span>
     <span class='ocr_line' id='line_1_20' title="bbox 247 2660 1666 2752; baseline -0.001 -21"><span class='ocrx_word' id='word_1_170' title='bbox 247 2664 409 2746; x_wconf 89' lang='lat' dir='ltr'><strong>ducendo,</strong></span> <span class='ocrx_word' id='word_1_171' title='bbox 442 2685 647 2752; x_wconf 88' lang='lat' dir='ltr'><strong>nequaquam</strong></span> <span class='ocrx_word' id='word_1_172' title='bbox 680 2662 875 2752; x_wconf 87' lang='lat' dir='ltr'><strong>impediant,</strong></span> <span class='ocrx_word' id='word_1_173' title='bbox 909 2660 1100 2749; x_wconf 86' lang='lat' dir='ltr'><strong>perturbent</strong></span> <span class='ocrx_word' id='word_1_174' title='bbox 1127 2663 1196 2727; x_wconf 87' lang='lat' dir='ltr'><strong>sive</strong></span> <span class='ocrx_word' id='word_1_175' title='bbox 1223 2664 1337 2751; x_wconf 87' lang='lat' dir='ltr'><strong>quovis</strong></span> <span class='ocrx_word' id='word_1_176' title='bbox 1363 2661 1458 2730; x_wconf 93' lang='lat' dir='ltr'><strong>modo</strong></span> <span class='ocrx_word' id='word_1_177' title='bbox 1486 2660 1666 2747; x_wconf 84' lang='lat' dir='ltr'><strong>molestant,</strong></span> 
     </span>
     <span class='ocr_line' id='line_1_21' title="bbox 205 2761 1665 2851; baseline -0.002 -20"><span class='ocrx_word' id='word_1_178' title='bbox 205 2775 359 2832; x_wconf 71' lang='lat' dir='ltr'><strong>toverum</strong></span> <span class='ocrx_word' id='word_1_179' title='bbox 389 2765 497 2851; x_wconf 88' lang='lat' dir='ltr'><strong>potins</strong></span> <span class='ocrx_word' id='word_1_180' title='bbox 527 2785 582 2829; x_wconf 91' lang='lat' dir='ltr'><strong>eos</strong></span> <span class='ocrx_word' id='word_1_181' title='bbox 608 2765 699 2851; x_wconf 91' lang='lat' dir='ltr'><strong>ipsos</strong></span> <span class='ocrx_word' id='word_1_182' title='bbox 726 2761 947 2829; x_wconf 87' lang='lat' dir='ltr'><strong>huiuscemodi</strong></span> <span class='ocrx_word' id='word_1_183' title='bbox 974 2785 1049 2828; x_wconf 91' lang='lat' dir='ltr'><strong>suos</strong></span> <span class='ocrx_word' id='word_1_184' title='bbox 1068 2763 1150 2827; x_wconf 91' lang='lat' dir='ltr'><strong>ritus</strong></span> <span class='ocrx_word' id='word_1_185' title='bbox 1169 2761 1305 2850; x_wconf 87' lang='lat' dir='ltr'><strong>pacifice</strong></span> <span class='ocrx_word' id='word_1_186' title='bbox 1326 2771 1357 2827; x_wconf 87' lang='lat' dir='ltr'><strong>et</strong></span> <span class='ocrx_word' id='word_1_187' title='bbox 1378 2762 1485 2850; x_wconf 87' lang='lat' dir='ltr'><strong>quiete</strong></span> <span class='ocrx_word' id='word_1_188' title='bbox 1505 2782 1665 2850; x_wconf 79' lang='lat' dir='ltr'><strong>peragere</strong></span> 
     </span>
     <span class='ocr_line' id='line_1_22' title="bbox 248 2861 1209 2954; baseline -0.005 -23"><span class='ocrx_word' id='word_1_189' title='bbox 248 2866 446 2954; x_wconf 88' lang='lat' dir='ltr'><strong>permittant.</strong></span> <span class='ocrx_word' id='word_1_190' title='bbox 487 2861 557 2929; x_wconf 87' lang='lat' dir='ltr'><strong>Sub</strong></span> <span class='ocrx_word' id='word_1_191' title='bbox 578 2885 685 2951; x_wconf 88' lang='lat' dir='ltr'><strong>poena</strong></span> <span class='ocrx_word' id='word_1_192' title='bbox 704 2865 798 2929; x_wconf 91' lang='lat' dir='ltr'><strong>unius</strong></span> <span class='ocrx_word' id='word_1_193' title='bbox 819 2884 1003 2949; x_wconf 79' lang='lat' dir='ltr'><strong>sexagenas</strong></span> <span class='ocrx_word' id='word_1_194' title='bbox 1022 2884 1128 2928; x_wconf 86' lang='lat' dir='ltr'><strong>novae</strong></span> <span class='ocrx_word' id='word_1_195' title='bbox 1149 2870 1209 2927; x_wconf 89' lang='lat' dir='ltr'><strong>etc.</strong></span> 
     </span>
    </p>
   </div>
   <div class='ocr_carea' id='block_1_7' title="bbox 307 3032 1601 3195">
    <p class='ocr_par' dir='ltr' id='par_1_8' title="bbox 307 3032 1601 3195">
     <span class='ocr_line' id='line_1_23' title="bbox 307 3032 1601 3100; baseline 0 -1"><span class='ocrx_word' id='word_1_196' title='bbox 307 3038 358 3100; x_wconf 78' lang='lat'><strong>24.</strong></span> <span class='ocrx_word' id='word_1_197' title='bbox 389 3047 583 3097; x_wconf 73' lang='lat' dir='ltr'><strong>nausson</strong></span> <span class='ocrx_word' id='word_1_198' title='bbox 604 3045 767 3095; x_wconf 74' lang='lat' dir='ltr'><strong>rannone</strong></span> <span class='ocrx_word' id='word_1_199' title='bbox 789 3044 999 3094; x_wconf 77' lang='lat' dir='ltr'><strong>nnnsmorus</strong></span> <span class='ocrx_word' id='word_1_200' title='bbox 1021 3046 1256 3096; x_wconf 75' lang='lat' dir='ltr'><strong>omnausauu</strong></span> <span class='ocrx_word' id='word_1_201' title='bbox 1277 3032 1601 3098; x_wconf 74' lang='lat' dir='ltr'><strong>usorsrsarmoanrs</strong></span> 
     </span>
     <span class='ocr_line' id='line_1_24' title="bbox 847 3146 1077 3195; baseline -0.004 0"><span class='ocrx_word' id='word_1_202' title='bbox 847 3146 1077 3195; x_wconf 79' lang='lat' dir='ltr'><strong>mrnssrrnuu</strong></span> 
     </span>
    </p>
   </div>
   <div class='ocr_carea' id='block_1_8' title="bbox 205 3259 1667 3848">
    <p class='ocr_par' dir='ltr' id='par_1_9' title="bbox 205 3259 1667 3848">
     <span class='ocr_line' id='line_1_25' title="bbox 329 3259 1666 3349; baseline 0 -20"><span class='ocrx_word' id='word_1_203' title='bbox 329 3262 466 3329; x_wconf 87' lang='lat' dir='ltr'><strong>Mandat</strong></span> <span class='ocrx_word' id='word_1_204' title='bbox 486 3270 561 3345; x_wconf 88' lang='lat' dir='ltr'><strong>etc,</strong></span> <span class='ocrx_word' id='word_1_205' title='bbox 591 3270 748 3349; x_wconf 89' lang='lat' dir='ltr'><strong>quatenus</strong></span> <span class='ocrx_word' id='word_1_206' title='bbox 767 3261 889 3327; x_wconf 91' lang='lat' dir='ltr'><strong>nullum</strong></span> <span class='ocrx_word' id='word_1_207' title='bbox 911 3263 1057 3349; x_wconf 89' lang='lat' dir='ltr'><strong>ipsorum</strong></span> <span class='ocrx_word' id='word_1_208' title='bbox 1076 3259 1138 3326; x_wconf 89' lang='lat' dir='ltr'><strong>hoc</strong></span> <span class='ocrx_word' id='word_1_209' title='bbox 1158 3281 1307 3346; x_wconf 88' lang='lat' dir='ltr'><strong>vespere,</strong></span> <span class='ocrx_word' id='word_1_210' title='bbox 1334 3259 1411 3325; x_wconf 90' lang='lat' dir='ltr'><strong>dum</strong></span> <span class='ocrx_word' id='word_1_211' title='bbox 1434 3260 1592 3328; x_wconf 87' lang='lat' dir='ltr'><strong>candelae</strong></span> <span class='ocrx_word' id='word_1_212' title='bbox 1613 3260 1666 3329; x_wconf 85' lang='lat' dir='ltr'><strong>do</strong></span> 
     </span>
     <span class='ocr_line' id='line_1_26' title="bbox 205 3358 1665 3451; baseline -0.003 -17"><span class='ocrx_word' id='word_1_213' title='bbox 205 3369 406 3434; x_wconf 83' lang='lat' dir='ltr'><strong>25minorum</strong></span> <span class='ocrx_word' id='word_1_214' title='bbox 435 3360 731 3449; x_wconf 83' lang='lat' dir='ltr'><strong>magistrandorum</strong></span> <span class='ocrx_word' id='word_1_215' title='bbox 764 3362 798 3425; x_wconf 92' lang='lat' dir='ltr'><strong>in</strong></span> <span class='ocrx_word' id='word_1_216' title='bbox 828 3359 952 3426; x_wconf 88' lang='lat' dir='ltr'><strong>artibus</strong></span> <span class='ocrx_word' id='word_1_217' title='bbox 984 3362 1076 3426; x_wconf 87' lang='lat' dir='ltr'><strong>iuxta</strong></span> <span class='ocrx_word' id='word_1_218' title='bbox 1107 3358 1273 3444; x_wconf 85' lang='lat' dir='ltr'><strong>antiquam</strong></span> <span class='ocrx_word' id='word_1_219' title='bbox 1300 3368 1333 3424; x_wconf 87' lang='lat' dir='ltr'><strong>et</strong></span> <span class='ocrx_word' id='word_1_220' title='bbox 1352 3358 1550 3427; x_wconf 85' lang='lat' dir='ltr'><strong>laudabilem</strong></span> <span class='ocrx_word' id='word_1_221' title='bbox 1580 3358 1665 3451; x_wconf 65' lang='lat'><strong>[13⁶]</strong></span> 
     </span>
     <span class='ocr_line' id='line_1_27' title="bbox 246 3457 1667 3547; baseline -0.003 -15"><span class='ocrx_word' id='word_1_222' title='bbox 246 3466 340 3532; x_wconf 89' lang='lat' dir='ltr'><strong>huius</strong></span> <span class='ocrx_word' id='word_1_223' title='bbox 363 3462 584 3529; x_wconf 86' lang='lat' dir='ltr'><strong>universitatis</strong></span> <span class='ocrx_word' id='word_1_224' title='bbox 605 3459 867 3527; x_wconf 89' lang='lat' dir='ltr'><strong>consuetudinem</strong></span> <span class='ocrx_word' id='word_1_225' title='bbox 888 3459 1085 3526; x_wconf 89' lang='lat' dir='ltr'><strong>sollemniter</strong></span> <span class='ocrx_word' id='word_1_226' title='bbox 1104 3457 1386 3541; x_wconf 88' lang='lat' dir='ltr'><strong>circumferentur,</strong></span> <span class='ocrx_word' id='word_1_227' title='bbox 1414 3460 1450 3524; x_wconf 91' lang='lat' dir='ltr'><strong>in</strong></span> <span class='ocrx_word' id='word_1_228' title='bbox 1469 3458 1599 3547; x_wconf 86' lang='lat' dir='ltr'><strong>plateis,</strong></span> <span class='ocrx_word' id='word_1_229' title='bbox 1621 3463 1667 3527; x_wconf 87' lang='lat' dir='ltr'><strong>vi·</strong></span> 
     </span>
     <span class='ocr_line' id='line_1_28' title="bbox 248 3556 1666 3648; baseline -0.001 -18"><span class='ocrx_word' id='word_1_230' title='bbox 248 3567 304 3647; x_wconf 91' lang='lat' dir='ltr'><strong>cis,</strong></span> <span class='ocrx_word' id='word_1_231' title='bbox 326 3562 471 3648; x_wconf 87' lang='lat' dir='ltr'><strong>collegiis</strong></span> <span class='ocrx_word' id='word_1_232' title='bbox 492 3569 548 3626; x_wconf 91' lang='lat' dir='ltr'><strong>aut</strong></span> <span class='ocrx_word' id='word_1_233' title='bbox 567 3559 674 3626; x_wconf 92' lang='lat' dir='ltr'><strong>bursis</strong></span> <span class='ocrx_word' id='word_1_234' title='bbox 697 3559 854 3625; x_wconf 86' lang='lat' dir='ltr'><strong>clamores</strong></span> <span class='ocrx_word' id='word_1_235' title='bbox 875 3558 1049 3627; x_wconf 87' lang='lat' dir='ltr'><strong>horribiles</strong></span> <span class='ocrx_word' id='word_1_236' title='bbox 1071 3559 1238 3640; x_wconf 88' lang='lat' dir='ltr'><strong>suscitare,</strong></span> <span class='ocrx_word' id='word_1_237' title='bbox 1260 3580 1352 3623; x_wconf 92' lang='lat' dir='ltr'><strong>arma</strong></span> <span class='ocrx_word' id='word_1_238' title='bbox 1373 3556 1499 3626; x_wconf 91' lang='lat' dir='ltr'><strong>deferre</strong></span> <span class='ocrx_word' id='word_1_239' title='bbox 1521 3583 1580 3627; x_wconf 89' lang='lat' dir='ltr'><strong>seu</strong></span> <span class='ocrx_word' id='word_1_240' title='bbox 1599 3560 1666 3627; x_wconf 85' lang='lat' dir='ltr'><strong>alia</strong></span> 
     </span>
     <span class='ocr_line' id='line_1_29' title="bbox 249 3656 1667 3751; baseline -0.003 -23"><span class='ocrx_word' id='word_1_241' title='bbox 249 3682 459 3751; x_wconf 86' lang='lat' dir='ltr'><strong>quaecunque</strong></span> <span class='ocrx_word' id='word_1_242' title='bbox 489 3659 619 3743; x_wconf 89' lang='lat' dir='ltr'><strong>illicita,</strong></span> <span class='ocrx_word' id='word_1_243' title='bbox 649 3667 786 3748; x_wconf 87' lang='lat' dir='ltr'><strong>propter</strong></span> <span class='ocrx_word' id='word_1_244' title='bbox 820 3680 902 3745; x_wconf 90' lang='lat' dir='ltr'><strong>quae</strong></span> <span class='ocrx_word' id='word_1_245' title='bbox 931 3660 1128 3725; x_wconf 88' lang='lat' dir='ltr'><strong>universitas</strong></span> <span class='ocrx_word' id='word_1_246' title='bbox 1157 3656 1322 3722; x_wconf 88' lang='lat' dir='ltr'><strong>antedicta</strong></span> <span class='ocrx_word' id='word_1_247' title='bbox 1346 3659 1520 3746; x_wconf 89' lang='lat' dir='ltr'><strong>inquietari</strong></span> <span class='ocrx_word' id='word_1_248' title='bbox 1547 3670 1667 3747; x_wconf 84' lang='lat' dir='ltr'><strong>posset,</strong></span> 
     </span>
     <span class='ocr_line' id='line_1_30' title="bbox 250 3757 1512 3848; baseline -0.002 -20"><span class='ocrx_word' id='word_1_249' title='bbox 250 3784 403 3828; x_wconf 88' lang='lat' dir='ltr'><strong>exercere</strong></span> <span class='ocrx_word' id='word_1_250' title='bbox 424 3768 619 3848; x_wconf 87' lang='lat' dir='ltr'><strong>praesumat.</strong></span> <span class='ocrx_word' id='word_1_251' title='bbox 663 3757 733 3825; x_wconf 83' lang='lat' dir='ltr'><strong>Sub</strong></span> <span class='ocrx_word' id='word_1_252' title='bbox 753 3780 859 3846; x_wconf 86' lang='lat' dir='ltr'><strong>poena</strong></span> <span class='ocrx_word' id='word_1_253' title='bbox 877 3759 975 3823; x_wconf 90' lang='lat' dir='ltr'><strong>trium</strong></span> <span class='ocrx_word' id='word_1_254' title='bbox 995 3758 1206 3840; x_wconf 86' lang='lat' dir='ltr'><strong>florenorum,</strong></span> <span class='ocrx_word' id='word_1_255' title='bbox 1226 3757 1430 3822; x_wconf 84' lang='lat' dir='ltr'><strong>universitati</strong></span> <span class='ocrx_word' id='word_1_256' title='bbox 1450 3768 1512 3825; x_wconf 83' lang='lat' dir='ltr'><strong>etc</strong></span> 
     </span>
    </p>
   </div>
   <div class='ocr_carea' id='block_1_9' title="bbox 207 3936 1617 4092">
    <p class='ocr_par' dir='ltr' id='par_1_10' title="bbox 207 3936 1617 4092">
     <span class='ocr_line' id='line_1_31' title="bbox 207 3936 1617 4008; baseline -0.003 -12"><span class='ocrx_word' id='word_1_257' title='bbox 207 3940 242 3996; x_wconf 84' lang='grc'><strong>30</strong></span> <span class='ocrx_word' id='word_1_258' title='bbox 296 3936 345 3999; x_wconf 76' lang='lat'><strong>25·</strong></span> <span class='ocrx_word' id='word_1_259' title='bbox 378 3945 572 3995; x_wconf 67' lang='lat' dir='ltr'><strong>manarum</strong></span> <span class='ocrx_word' id='word_1_260' title='bbox 592 3944 661 3993; x_wconf 82' lang='lat' dir='ltr'><strong>PBO</strong></span> <span class='ocrx_word' id='word_1_261' title='bbox 684 3943 851 3994; x_wconf 63' lang='lat' dir='ltr'><strong>suasuro</strong></span> <span class='ocrx_word' id='word_1_262' title='bbox 873 3942 1150 4008; x_wconf 75' lang='lat' dir='ltr'><strong>GONVENTORUM,</strong></span> <span class='ocrx_word' id='word_1_263' title='bbox 1171 3941 1378 3992; x_wconf 68' lang='lat' dir='ltr'><strong>aleramnus</strong></span> <span class='ocrx_word' id='word_1_264' title='bbox 1399 3943 1445 3991; x_wconf 77' lang='grc' dir='ltr'><strong>ΕΤ</strong></span> <span class='ocrx_word' id='word_1_265' title='bbox 1466 3942 1617 3993; x_wconf 74' lang='lat' dir='ltr'>PUNG&#39;HB</span> 
     </span>
     <span class='ocr_line' id='line_1_32' title="bbox 853 4042 1056 4092; baseline -0.01 -1"><span class='ocrx_word' id='word_1_266' title='bbox 853 4042 1056 4092; x_wconf 73' lang='lat' dir='ltr'><strong>sonvartms.</strong></span> 
     </span>
    </p>
   </div>
   <div class='ocr_carea' id='block_1_10' title="bbox 208 4155 1669 4943">
    <p class='ocr_par' dir='ltr' id='par_1_11' title="bbox 250 4155 1668 4446">
     <span class='ocr_line' id='line_1_33' title="bbox 331 4155 1668 4245; baseline -0.001 -20"><span class='ocrx_word' id='word_1_267' title='bbox 331 4159 468 4225; x_wconf 85' lang='lat' dir='ltr'><strong>Mandat</strong></span> <span class='ocrx_word' id='word_1_268' title='bbox 483 4156 632 4223; x_wconf 91' lang='lat' dir='ltr'><strong>omnibus</strong></span> <span class='ocrx_word' id='word_1_269' title='bbox 653 4167 686 4223; x_wconf 94' lang='lat' dir='ltr'><strong>et</strong></span> <span class='ocrx_word' id='word_1_270' title='bbox 706 4159 841 4244; x_wconf 87' lang='lat' dir='ltr'><strong>singulis</strong></span> <span class='ocrx_word' id='word_1_271' title='bbox 861 4155 1057 4240; x_wconf 89' lang='lat' dir='ltr'><strong>bursalibus,</strong></span> <span class='ocrx_word' id='word_1_272' title='bbox 1079 4157 1319 4245; x_wconf 83' lang='lat' dir='ltr'><strong>paedagogium</strong></span> <span class='ocrx_word' id='word_1_273' title='bbox 1338 4157 1401 4223; x_wconf 90' lang='lat' dir='ltr'><strong>hoc</strong></span> <span class='ocrx_word' id='word_1_274' title='bbox 1420 4157 1668 4224; x_wconf 88' lang='lat' dir='ltr'><strong>immorantibus</strong></span> 
     </span>
     <span class='ocr_line' id='line_1_34' title="bbox 251 4248 1668 4351; baseline -0.001 -25"><span class='ocrx_word' id='word_1_275' title='bbox 251 4284 290 4326; x_wconf 89' lang='lat' dir='ltr'><strong>ac</strong></span> <span class='ocrx_word' id='word_1_276' title='bbox 311 4259 353 4326; x_wconf 92' lang='lat' dir='ltr'><strong>ad</strong></span> <span class='ocrx_word' id='word_1_277' title='bbox 374 4262 447 4324; x_wconf 90' lang='lat' dir='ltr'><strong>iura</strong></span> <span class='ocrx_word' id='word_1_278' title='bbox 467 4256 645 4323; x_wconf 92' lang='lat' dir='ltr'><strong>bursalium</strong></span> <span class='ocrx_word' id='word_1_279' title='bbox 666 4256 748 4323; x_wconf 92' lang='lat' dir='ltr'><strong>inibi</strong></span> <span class='ocrx_word' id='word_1_280' title='bbox 768 4248 894 4323; x_wconf 87' lang='lat' dir='ltr'><strong>ratione</strong></span> <span class='ocrx_word' id='word_1_281' title='bbox 914 4257 1053 4323; x_wconf 85' lang='lat' dir='ltr'><strong>stantiae</strong></span> <span class='ocrx_word' id='word_1_282' title='bbox 1074 4257 1225 4339; x_wconf 86' lang='lat' dir='ltr'><strong>astrictis,</strong></span> <span class='ocrx_word' id='word_1_283' title='bbox 1246 4266 1403 4345; x_wconf 90' lang='lat' dir='ltr'><strong>quatenus</strong></span> <span class='ocrx_word' id='word_1_284' title='bbox 1417 4257 1668 4351; x_wconf 79' lang='lat' dir='ltr'><strong>conventoribus</strong></span> 
     </span>
     <span class='ocr_line' id='line_1_35' title="bbox 250 4354 1668 4446; baseline -0.001 -19"><span class='ocrx_word' id='word_1_285' title='bbox 250 4358 392 4427; x_wconf 91' lang='lat' dir='ltr'><strong>eiusdem</strong></span> <span class='ocrx_word' id='word_1_286' title='bbox 413 4381 473 4446; x_wconf 90' lang='lat' dir='ltr'><strong>pro</strong></span> <span class='ocrx_word' id='word_1_287' title='bbox 494 4355 643 4440; x_wconf 88' lang='lat' dir='ltr'><strong>sallario,</strong></span> <span class='ocrx_word' id='word_1_288' title='bbox 663 4356 836 4442; x_wconf 90' lang='lat' dir='ltr'><strong>lignalibus</strong></span> <span class='ocrx_word' id='word_1_289' title='bbox 858 4365 891 4422; x_wconf 93' lang='lat' dir='ltr'><strong>et</strong></span> <span class='ocrx_word' id='word_1_290' title='bbox 910 4357 1061 4443; x_wconf 89' lang='lat' dir='ltr'><strong>punctis¹</strong></span> <span class='ocrx_word' id='word_1_291' title='bbox 1084 4356 1171 4421; x_wconf 88' lang='lat' dir='ltr'><strong>infra</strong></span> <span class='ocrx_word' id='word_1_292' title='bbox 1190 4354 1344 4438; x_wconf 84' lang='lat' dir='ltr'><strong>triduum,</strong></span> <span class='ocrx_word' id='word_1_293' title='bbox 1366 4377 1387 4420; x_wconf 87' lang='lat' dir='ltr'><strong>a</strong></span> <span class='ocrx_word' id='word_1_294' title='bbox 1408 4355 1493 4422; x_wconf 90' lang='lat' dir='ltr'><strong>datis</strong></span> <span class='ocrx_word' id='word_1_295' title='bbox 1515 4354 1668 4445; x_wconf 76' lang='lat' dir='ltr'><strong>praesen·</strong></span> 
     </span>
    </p>

    <p class='ocr_par' dir='ltr' id='par_1_12' title="bbox 208 4454 1669 4943">
     <span class='ocr_line' id='line_1_36' title="bbox 208 4454 1668 4548; baseline -0.003 -22"><span class='ocrx_word' id='word_1_296' title='bbox 208 4458 336 4526; x_wconf 82' lang='lat' dir='ltr'><strong>35tibus</strong></span> <span class='ocrx_word' id='word_1_297' title='bbox 365 4455 652 4546; x_wconf 87' lang='lat' dir='ltr'><strong>computandum²,</strong></span> <span class='ocrx_word' id='word_1_298' title='bbox 683 4455 814 4522; x_wconf 83' lang='lat' dir='ltr'><strong>realiter</strong></span> <span class='ocrx_word' id='word_1_299' title='bbox 844 4465 876 4521; x_wconf 93' lang='lat' dir='ltr'><strong>et</strong></span> <span class='ocrx_word' id='word_1_300' title='bbox 908 4478 981 4521; x_wconf 93' lang='lat' dir='ltr'><strong>cum</strong></span> <span class='ocrx_word' id='word_1_301' title='bbox 1011 4456 1128 4521; x_wconf 86' lang='lat' dir='ltr'><strong>effectu</strong></span> <span class='ocrx_word' id='word_1_302' title='bbox 1158 4455 1374 4539; x_wconf 87' lang='lat' dir='ltr'><strong>satisfaciant,</strong></span> <span class='ocrx_word' id='word_1_303' title='bbox 1404 4454 1463 4522; x_wconf 90' lang='lat' dir='ltr'><strong>sub</strong></span> <span class='ocrx_word' id='word_1_304' title='bbox 1485 4462 1600 4548; x_wconf 86' lang='lat' dir='ltr'><strong>poena</strong></span> <span class='ocrx_word' id='word_1_305' title='bbox 1627 4480 1668 4523; x_wconf 83' lang='lat' dir='ltr'><strong>.v.</strong></span> 
     </span>
     <span class='ocr_line' id='line_1_37' title="bbox 250 4553 1667 4646; baseline 0 -21"><span class='ocrx_word' id='word_1_306' title='bbox 250 4580 454 4646; x_wconf 88' lang='lat' dir='ltr'><strong>grossorum,</strong></span> <span class='ocrx_word' id='word_1_307' title='bbox 473 4555 740 4622; x_wconf 87' lang='lat' dir='ltr'><strong>irremissibiliter</strong></span> <span class='ocrx_word' id='word_1_308' title='bbox 760 4553 1057 4643; x_wconf 89' lang='lat' dir='ltr'><strong>persolvendorum.</strong></span> <span class='ocrx_word' id='word_1_309' title='bbox 1098 4554 1163 4636; x_wconf 80' lang='lat' dir='ltr'><strong>Qui</strong></span> <span class='ocrx_word' id='word_1_310' title='bbox 1185 4577 1279 4639; x_wconf 86' lang='lat' dir='ltr'><strong>vero,</strong></span> <span class='ocrx_word' id='word_1_311' title='bbox 1308 4554 1493 4621; x_wconf 88' lang='lat' dir='ltr'><strong>huiusmodi</strong></span> <span class='ocrx_word' id='word_1_312' title='bbox 1512 4556 1667 4625; x_wconf 82' lang='lat' dir='ltr'><strong>mandato</strong></span> 
     </span>
     <span class='ocr_line' id='line_1_38' title="bbox 249 4654 1667 4745; baseline 0 -21"><span class='ocrx_word' id='word_1_313' title='bbox 249 4682 315 4725; x_wconf 92' lang='lat' dir='ltr'><strong>non</strong></span> <span class='ocrx_word' id='word_1_314' title='bbox 340 4656 500 4745; x_wconf 89' lang='lat' dir='ltr'><strong>parendo,</strong></span> <span class='ocrx_word' id='word_1_315' title='bbox 528 4656 611 4742; x_wconf 93' lang='lat' dir='ltr'><strong>ipsis</strong></span> <span class='ocrx_word' id='word_1_316' title='bbox 637 4656 723 4721; x_wconf 88' lang='lat' dir='ltr'><strong>infra</strong></span> <span class='ocrx_word' id='word_1_317' title='bbox 751 4656 988 4742; x_wconf 88' lang='lat' dir='ltr'><strong>praescriptum</strong></span> <span class='ocrx_word' id='word_1_318' title='bbox 1012 4654 1184 4719; x_wconf 85' lang='lat' dir='ltr'><strong>terminum</strong></span> <span class='ocrx_word' id='word_1_319' title='bbox 1210 4654 1398 4720; x_wconf 81' lang='lat' dir='ltr'><strong>satisfacere</strong></span> <span class='ocrx_word' id='word_1_320' title='bbox 1423 4655 1513 4722; x_wconf 88' lang='lat' dir='ltr'><strong>haud</strong></span> <span class='ocrx_word' id='word_1_321' title='bbox 1533 4678 1667 4724; x_wconf 81' lang='lat' dir='ltr'><strong>curave·</strong></span> 
     </span>
     <span class='ocr_line' id='line_1_39' title="bbox 251 4752 1668 4845; baseline -0.001 -22"><span class='ocrx_word' id='word_1_322' title='bbox 251 4768 340 4840; x_wconf 91' lang='lat' dir='ltr'><strong>runt,</strong></span> <span class='ocrx_word' id='word_1_323' title='bbox 367 4757 517 4844; x_wconf 70' lang='lat' dir='ltr'><strong>proxima</strong></span> <span class='ocrx_word' id='word_1_324' title='bbox 542 4754 596 4822; x_wconf 89' lang='lat' dir='ltr'><strong>die</strong></span> <span class='ocrx_word' id='word_1_325' title='bbox 620 4779 659 4821; x_wconf 87' lang='lat' dir='ltr'><strong>n.</strong></span> <span class='ocrx_word' id='word_1_326' title='bbox 685 4777 794 4836; x_wconf 83' lang='lat' dir='ltr'><strong>coram</strong></span> <span class='ocrx_word' id='word_1_327' title='bbox 824 4762 1081 4845; x_wconf 88' lang='lat' dir='ltr'><strong>praememorato</strong></span> <span class='ocrx_word' id='word_1_328' title='bbox 1112 4752 1242 4820; x_wconf 91' lang='lat' dir='ltr'><strong>domino</strong></span> <span class='ocrx_word' id='word_1_329' title='bbox 1277 4762 1404 4819; x_wconf 87' lang='lat' dir='ltr'><strong>rectore</strong></span> <span class='ocrx_word' id='word_1_330' title='bbox 1428 4755 1464 4820; x_wconf 90' lang='lat' dir='ltr'><strong>in</strong></span> <span class='ocrx_word' id='word_1_331' title='bbox 1490 4753 1564 4822; x_wconf 91' lang='lat' dir='ltr'><strong>loco</strong></span> <span class='ocrx_word' id='word_1_332' title='bbox 1591 4778 1668 4822; x_wconf 86' lang='lat' dir='ltr'><strong>suae</strong></span> 
     </span>
     <span class='ocr_line' id='line_1_40' title="bbox 252 4852 1669 4943; baseline 0 -20"><span class='ocrx_word' id='word_1_333' title='bbox 252 4855 366 4925; x_wconf 88' lang='lat' dir='ltr'><strong>solitae</strong></span> <span class='ocrx_word' id='word_1_334' title='bbox 386 4854 581 4921; x_wconf 87' lang='lat' dir='ltr'><strong>residentiae</strong></span> <span class='ocrx_word' id='word_1_335' title='bbox 601 4855 744 4943; x_wconf 89' lang='lat' dir='ltr'><strong>legitime</strong></span> <span class='ocrx_word' id='word_1_336' title='bbox 764 4862 988 4942; x_wconf 89' lang='lat' dir='ltr'><strong>compareant,</strong></span> <span class='ocrx_word' id='word_1_337' title='bbox 1010 4875 1149 4942; x_wconf 90' lang='lat' dir='ltr'><strong>poenam</strong></span> <span class='ocrx_word' id='word_1_338' title='bbox 1168 4852 1353 4919; x_wconf 89' lang='lat' dir='ltr'><strong>huiusmodi</strong></span> <span class='ocrx_word' id='word_1_339' title='bbox 1376 4853 1587 4941; x_wconf 84' lang='lat' dir='ltr'><strong>persoluturi,</strong></span> <span class='ocrx_word' id='word_1_340' title='bbox 1613 4864 1669 4923; x_wconf 80' lang='lat' dir='ltr'><strong>ant</strong></span> 
     </span>
    </p>
   </div>
   <div class='ocr_carea' id='block_1_11' title="bbox 319 5084 1602 5243">
    <p class='ocr_par' dir='ltr' id='par_1_13' title="bbox 319 5084 1602 5243">
     <span class='ocr_line' id='line_1_41' title="bbox 321 5084 1602 5229; baseline -0.002 -86"><span class='ocrx_word' id='word_1_341' title='bbox 321 5093 331 5143; x_wconf 89' lang='lat'>1</span> <span class='ocrx_word' id='word_1_342' title='bbox 348 5095 454 5229; x_wconf 48' lang='lat' dir='ltr'><strong>percep</strong></span> <span class='ocrx_word' id='word_1_343' title='bbox 469 5087 729 5229; x_wconf 46' lang='lat' dir='ltr'><strong>snpsnafgelder,</strong></span> <span class='ocrx_word' id='word_1_344' title='bbox 746 5086 845 5143; x_wconf 88' lang='lat' dir='ltr'><strong>dadis</strong></span> <span class='ocrx_word' id='word_1_345' title='bbox 861 5086 1019 5143; x_wconf 86' lang='lat' dir='ltr'><strong>strufbaren</strong></span> <span class='ocrx_word' id='word_1_346' title='bbox 1035 5085 1113 5142; x_wconf 79' lang='lat' dir='ltr'><strong>Fiille</strong></span> <span class='ocrx_word' id='word_1_347' title='bbox 1128 5086 1217 5143; x_wconf 87' lang='lat' dir='ltr'><strong>durch</strong></span> <span class='ocrx_word' id='word_1_348' title='bbox 1234 5086 1343 5142; x_wconf 86' lang='lat' dir='ltr'><strong>Punkte</strong></span> <span class='ocrx_word' id='word_1_349' title='bbox 1361 5084 1464 5142; x_wconf 90' lang='lat' dir='ltr'><strong>notisrt</strong></span> <span class='ocrx_word' id='word_1_350' title='bbox 1481 5086 1602 5144; x_wconf 71' lang='lat' dir='ltr'><strong>worden</strong></span> 
     </span>
     <span class='ocr_line' id='line_1_42' title="bbox 319 5177 642 5243; baseline -0.003 -15"><span class='ocrx_word' id='word_1_351' title='bbox 319 5177 335 5228; x_wconf 78' lang='lat'>2</span> <span class='ocrx_word' id='word_1_352' title='bbox 379 5188 429 5243; x_wconf 86' lang='lat' dir='ltr'><strong>erg</strong></span> <span class='ocrx_word' id='word_1_353' title='bbox 464 5188 499 5227; x_wconf 82' lang='lat' dir='ltr'><strong>au</strong></span> <span class='ocrx_word' id='word_1_354' title='bbox 542 5188 581 5227; x_wconf 87' lang='lat' dir='ltr'><strong>ro.</strong></span> <span class='ocrx_word' id='word_1_355' title='bbox 603 5177 642 5228; x_wconf 75' lang='lat'><strong>17.</strong></span> 
     </span>
    </p>
   </div>
   <div class='ocr_carea' id='block_1_12' title="bbox 0 0 1887 6148">
    <p class='ocr_par' dir='ltr' id='par_1_14' title="bbox 0 0 1887 6148">
     <span class='ocr_line' id='line_1_43' title="bbox 0 0 1887 6148; baseline 0 0"><span class='ocrx_word' id='word_1_356' title='bbox 0 0 1887 6148; x_wconf 95' lang='lat' dir='ltr'><strong> </strong></span> 
     </span>
    </p>
   </div>
  </div>
 </body>
</html>
