3756 6158
247 490 307 556 478
732 489 783 538 Dis
803 486 1024 552 philosophischs
1044 489 1172 541 Facult'dt.

327 676 371 737 18.
400 688 630 737 lemannum
652 687 974 738 MAGISTRANDORUM
996 689 1159 738 TEMPORE
1180 687 1463 736 Dlsrnrsssclorus
1485 688 1531 735 ΕΤ
1552 688 1589 735 m

585 788 784 836 APERTIONE
807 771 1044 837 tenerrrima
1064 787 1337 837 recreandum.

328 917 422 1003 „Ego
450 917 497 982 .N.
522 919 611 1000 iuro,
654 919 740 1004 quod
769 942 828 983 nec
853 922 989 984 accione
1020 943 1080 985 nec
1104 920 1248 1002 ulcione,
1291 942 1351 983 nec
1376 941 1435 1005 per
1456 941 1509 982 me
1529 941 1592 983 nec
1612 941 1669 1005 per

245 1016 352 1100 alium,
375 1016 497 1081 directe
518 1017 571 1082 vel
593 1017 759 1100 indirecte,
782 1018 883 1084 verbo
903 1019 956 1084 vel
976 1021 1063 1086 facto
1084 1019 1136 1084 vel
1157 1020 1272 1106 quovis
1293 1019 1357 1084 alio
1376 1018 1475 1083 modo
1495 1018 1596 1083 velim
1619 1042 1668 1082 me

203 1125 219 1180 5
244 1115 429 1199 vindicare,
472 1118 499 1181 si
534 1116 577 1181 ad
608 1127 807 1203 temptamen
827 1141 893 1183 non
915 1118 1069 1185 admittar
1091 1118 1142 1183 vel
1162 1120 1266 1183 eciam
1287 1127 1362 1205 post
1382 1127 1584 1204 temptamen
1607 1118 1667 1182 rei-

246 1216 324 1296 ciar,
354 1215 413 1279 sub
436 1238 541 1301 poena
561 1219 711 1302 periurii,
745 1218 833 1305 quod
854 1218 1090 1282 contrafaciens
1111 1219 1183 1303 ipsc
1202 1218 1289 1282 facto
1312 1219 1457 1295 incurro,
1490 1227 1524 1282 et
1543 1227 1669 1282 centum

245 1313 448 1396 florenorum,
469 1338 605 1402 quorum
626 1317 783 1382 medietas
806 1317 902 1381 cedat
920 1316 978 1399 illi,
1001 1339 1096 1404 quem
1119 1318 1166 1395 sic
1189 1315 1327 1397 offendo,
1356 1315 1423 1380 alia
1439 1338 1532 1402 ¹vero
1553 1315 1670 1381 medie

245 1423 296 1477 tas
318 1412 414 1477 cedat
434 1413 589 1478 facultati.
632 1415 688 1482 Sic
704 1439 763 1481 me
781 1416 861 1481 deus
883 1414 1017 1480 adiuvet
1037 1427 1069 1480 et
1089 1425 1203 1480 sancta
1224 1413 1426 1500 evangelia.“
1470 1413 1566 1480 Idem
1587 1417 1668 1479 iura·

244 1521 387 1576 mentum
410 1513 624 1599 praestabunt
646 1525 792 1601 tempore
812 1515 989 1602 apertionis
1010 1515 1232 1602 temptaminis
1254 1523 1285 1579 et
1306 1515 1410 1578 eciam
1422 1510 1605 1579 'examinis

206 1686 237 1741 10
366 1682 414 1745 19.
435 1697 482 1743 nn
505 1695 620 1764 rosas
641 1697 912 1752 uonnsrsucrun
933 1696 1202 1759 nasammonas
1224 1696 1288 1744 ssu
1307 1696 1556 1746 mennmosns.

329 1826 444 1892 Nullus
467 1829 594 1894 actione
615 1827 667 1893 vel
688 1827 818 1910 ultione,
839 1852 898 1916 per
921 1853 956 1894 se
976 1829 1028 1894 vel
1049 1851 1109 1915 per
1131 1827 1246 1911 alium,
1273 1827 1396 1894 directe
1424 1828 1479 1894 vel
1501 1828 1670 1912 indirecte,

246 1924 347 1991 verbo
370 1926 422 1990 vel
443 1929 528 1993 facto
550 1927 602 1992 vel
624 1950 814 2015 quocunque
838 1928 902 1993 alio
924 1928 1021 1994 modo
1042 1930 1178 2014 impetat
1202 1927 1255 1992 vel
1285 1927 1434 1994 molestet
1461 1929 1605 2017 aliquem
1632 1927 1671 1993 ds

245 2026 412 2110 magistris
433 2025 486 2090 vel
507 2026 784 2092 examinatoribus
806 2050 866 2114 pro
887 2050 936 2110 eo,
957 2027 1043 2114 quod
1065 2026 1205 2112 aliquem
1225 2026 1266 2091 de
1288 2029 1357 2093 suis
1377 2027 1420 2092 ad
1439 2029 1585 2114 gradum
1606 2050 1669 2093 rna·

246 2125 373 2208 gisterii
393 2124 447 2190 vel
468 2136 606 2190 examen
627 2148 669 2190 ex
691 2148 791 2191 causa
812 2125 1004 2191 racionabili
1024 2148 1089 2191 non
1118 2125 1268 2208 admisit,
1310 2126 1363 2191 vel
1393 2129 1501 2192 eciam
1535 2128 1669 2193 eundern

206 2233 236 2287 15
246 2225 338 2288 iuxta
360 2224 596 2290 conscienciam
618 2246 710 2289 suam
732 2234 765 2290 et
784 2227 1001 2303 iuramentum
1023 2223 1195 2311 impedivit
1221 2224 1274 2289 vel
1301 2235 1470 2314 tamquam
1499 2227 1669 2313 indignum

245 2324 369 2388 reiecit.
411 2323 620 2390 Contrarium
640 2324 763 2388 faciens
784 2324 870 2390 ultra
891 2335 1017 2390 reatum
1037 2326 1181 2411 periurii,
1210 2324 1297 2411 quod
1318 2327 1392 2412 ipso
1414 2327 1503 2392 facto
1525 2328 1667 2409 incurrit

247 2432 428 2487 etcertum
449 2422 647 2488 florenorum
668 2446 817 2509 poenam,
845 2446 984 2510 quorum
1005 2423 1162 2489 medietas
1190 2423 1286 2489 cedat
1312 2423 1358 2489 illi
1388 2424 1442 2490 vel
1462 2424 1547 2509 iffls,
1577 2422 1667 2513 quiem

250 2521 302 2587 vel
324 2543 406 2608 qnos
429 2522 477 2586 sic
498 2523 625 2608 impetit
646 2532 703 2587 aut
724 2522 883 2605 molestat,
905 2522 973 2587 alia
992 2522 1149 2588 medietas
1171 2521 1269 2587 cedat
1286 2523 1445 2608 facultati,
1472 2527 1579 2590 eciam
1600 2547 1666 2611 per·

247 2631 344 2709 petue
372 2643 392 2685 a
419 2620 574 2686 facultate
603 2623 728 2686 arcium
749 2622 792 2686 sit
813 2621 974 2688 exclusus.
1018 2623 1160 2688 Tenetur
1181 2623 1284 2686 eciam
1306 2623 1446 2689 facultas
1465 2624 1516 2689 illi
1533 2623 1587 2689 vel
1599 2623 1665 2708 illis,

205 2723 304 2809 20qui
324 2722 371 2784 sic
393 2721 560 2806 impetitur
583 2731 637 2784 aut
658 2722 866 2807 impetuntur,
888 2720 1077 2787 molestatur
1099 2732 1156 2785 aut
1177 2720 1406 2805 molestantur,
1437 2723 1573 2794 realiter
1600 2746 1664 2788 cum

247 2821 363 2885 effectu
385 2821 553 2900 assistere,
586 2829 635 2901 et,
669 2821 697 2883 si
719 2841 801 2906 opus
823 2820 937 2902 fuerit,
960 2822 1063 2885 eciam
1085 2820 1145 2885 sub
1166 2824 1321 2906 expensis
1339 2815 1508 2888 facultatis
1529 2823 1665 2910 propriis

246 2918 384 2986 eundem
400 2917 453 2983 vel
474 2917 614 3000 eosdem,
636 2920 739 2983 eciam
763 2941 784 2982 a
804 2918 1059 3005 quibuscunque,
1080 2921 1156 2984 totis
1175 2919 1302 2985 viribus
1316 2920 1490 2988 defensare
1508 2934 1552 3006 et,
1574 2945 1663 3011 quan

246 3029 313 3085 tum
334 3020 369 3083 in
389 3020 451 3083 ea¹
470 3017 577 3099 fuerit,
596 3038 786 3084 assecurare
805 3039 931 3083 necnon
950 3017 1092 3084 totaliter
1115 3018 1301 3106 exbrigare.

288 3223 336 3286 20.
358 3233 455 3295 quon
475 3233 512 3281 ns
533 3233 689 3282 nxsmrn
710 3203 835 3282 uosun
856 3234 1020 3283 mersum
1043 3235 1231 3282 rnxssrns
1252 3235 1435 3285 mannans
1456 3238 1628 3288 nxcnssns

786 3318 1143 3383 nssrsrnsrnonnn.²
1171 3347 1172 3350 ¹

205 3476 238 3531 25
330 3464 475 3544 Quilibet
495 3467 723 3552 magistrorum
743 3465 783 3530 de
806 3466 940 3531 consilio
969 3466 1150 3549 factdtatis,
1184 3489 1243 3553 per
1264 3466 1429 3533 'decanum
1459 3470 1495 3535 in
1525 3472 1658 3537 examine

248 3587 373 3630 morum
394 3566 577 3650 requisitus,
599 3574 724 3629 tenetur
745 3564 891 3630 revelare
913 3589 1065 3631 excessus
1087 3565 1246 3631 notabiles
1269 3577 1301 3630 et
1320 3567 1575 3635 insufficiencias
1595 3591 1656 3657 pro·

248 3663 479 3729 movendorum
500 3672 532 3727 et
551 3665 726 3750 praecipue
749 3664 1062 3750 magistrandorum,
1096 3667 1124 3729 si
1144 3664 1206 3730 sibi
1229 3675 1396 3749 constent,
1424 3667 1486 3733 sub
1508 3692 1566 3734 suo
1586 3671 1656 3732 iura-

248 3775 366 3846 mento,
388 3785 470 3849 quae
491 3764 525 3826 in
544 3764 765 3828 confusionem
785 3763 951 3828 facultatis
974 3787 1110 3850 vergere
1129 3774 1272 3851 possent.

684 3934 734 3993 21.
762 3929 953 4014 Legetur
980 3931 1231 4015 magistris.3

205 4075 240 4130 30
328 4062 373 4127 Et
399 4063 432 4126 in
455 4060 568 4126 eodem
591 4062 740 4124 examine
768 4083 893 4126 morum
920 4061 1054 4148 quilibet
1086 4064 1243 4148 magister
1277 4061 1317 4125 de
1344 4063 1481 4130 consilio
1508 4064 1655 4130 facultatis

248 4164 416 4250 promittat
437 4161 480 4225 ad
501 4183 616 4225 manus
637 4160 753 4224 decani
775 4159 816 4224 de
839 4159 975 4225 celando
999 4161 1059 4224 sub
1096 4160 1205 4226 debito
1233 4163 1383 4247 praestiti
1416 4165 1603 4246 iuramenti,
1631 4171 1656 4226 et

247 4262 388 4326 decanus
412 4261 530 4325 seniori
549 4258 721 4324 facultatis.
1158 4279 1159 4283 ¹
1593 4267 1596 4272 '

249 4423 309 4514 [Bl.
330 4424 401 4513 aab]
430 4431 478 4494 22.
501 4425 758 4511 Subscripta
779 4424 867 4510 legi
889 4425 1037 4490 debent
1056 4424 1299 4490 licentiatis
1317 4429 1357 4490 in
1377 4427 1546 4493 artibus
1566 4439 1655 4493 tenr-

388 4548 492 4612 pore
513 4523 690 4612 petendi
709 4523 902 4589 favorem
923 4523 1172 4615 incipiendi,
1195 4546 1297 4611 quae
1317 4526 1528 4592 iurabant

121 4720 124 4730 .
205 4671 238 4726 35
331 4658 426 4744 „Ego
450 4658 499 4723 .N.
522 4658 594 4721 iuro
617 4657 740 4721 decano
763 4667 794 4721 et
815 4658 932 4721 vestris
956 4656 1196 4722 successoribus
1219 4660 1440 4725 reverenciam
1468 4670 1500 4725 et
1521 4659 1653 4726 obedien·

248 4761 333 4823 ciam
354 4761 388 4824 in
408 4758 507 4822 licitis
529 4766 560 4821 et
580 4756 740 4840 honestis,
784 4767 816 4838 et
852 4779 984 4821 servare
1019 4767 1140 4822 statuta
1166 4766 1199 4822 et
1227 4756 1400 4823 statuenda
1427 4782 1489 4848 pro
1521 4766 1654 4848 posseet

331 4998 340 5046 1
362 4989 548 5051 Geschrieben
565 4986 639 5042 steht
656 5005 695 5042 eo.

333 5081 348 5129 2
367 5073 420 5128 Ein
439 5073 524 5127 Theil
540 5072 628 5126 dieser
647 5070 839 5128 Ueberschrift
857 5072 931 5126 steht
947 5071 999 5127 auf
1015 5074 1114 5128 Rasur.

335 5164 350 5214 3
368 5157 525 5230 Eigentlich
544 5175 597 5213 nur
614 5156 675 5212 eine
692 5155 859 5229 Bardaotis,
876 5156 949 5214 doch
966 5157 1053 5214 sebon
1072 5175 1135 5215 som
1152 5163 1243 5216 ersten
1259 5157 1432 5217 Rubricator
1448 5159 1616 5218 herrttbrmd
