3756 6158
244 457 305 523 280
812 453 868 504 Das
889 452 1094 520 Frauencollass.

246 644 449 716 statutorum,
478 641 575 720 atque
604 634 700 700 etiam
706 656 827 725 agere
848 645 1041 701 conventum
1069 634 1198 721 collegii
1225 635 1269 701 ad
1296 636 1485 723 petitionem
1506 635 1669 700 cuiuscun-

244 757 306 823 que
330 731 476 819 collegae
502 734 590 798 intra
612 733 698 798 diem
720 733 910 831 naturalem,
939 743 972 798 et
1000 742 1121 800 statuta
1148 734 1191 799 ad
1220 735 1361 801 officium
1382 757 1490 800 meum
1512 735 1670 822 pertinen-

244 836 306 899 tia¹
330 828 394 919 [10]
414 830 502 897 bona
529 831 594 897 fide
622 823 807 918 observare,
833 834 882 900 ita
904 842 1012 898 tamen
1040 855 1081 899 ne
1109 821 1174 918 levi
1203 833 1244 900 de
1268 857 1368 900 causa
1394 833 1448 899 vel
1478 832 1671 921 negligentia

244 932 423 1019 periurium
442 932 619 996 incurram.
621 931 641 967 “

202 1040 219 1096 5
327 1029 388 1096 XI.
416 1028 515 1094 Dicto
546 1031 727 1096 iuramento
761 1030 897 1116 quilibet
927 1030 1052 1117 collega
1088 1029 1243 1119 stipulata
1276 1053 1374 1106 manu
1407 1028 1554 1097 debitam
1586 1053 1670 1096 reve

243 1129 384 1195 rentiam
406 1137 439 1194 ιι
466 1128 705 1195 oboedientiam
731 1131 918 1218 praeposito
941 1138 973 1195 et
1002 1129 1098 1196 simul
1124 1130 1265 1196 studium
1296 1140 1392 1216 atque
1419 1151 1557 1218 operam
1584 1152 1670 1196 suam

244 1251 372 1296 omnem
399 1229 434 1292 in
466 1227 563 1293 rebus
595 1229 638 1293 ad
668 1228 858 1315 dignitatem
894 1241 926 1295 ιι
960 1228 1130 1296 commoda
1166 1228 1295 1317 collegii
1329 1227 1571 1317 pertinentibus
1603 1250 1672 1314 pro-

242 1330 360 1394 mittat.

326 1424 402 1492 XII.
432 1424 675 1513 Praeposito
649 1449 718 1491 srne
744 1426 872 1514 collegii
895 1449 1053 1493 consensu
1078 1425 1160 1555 nihil
1179 1427 1276 1493 liceat
1297 1436 1439 1493 statuere
1462 1425 1503 1492 de
1526 1423 1671 1492 rehuset

207 1525 395 1612 tonegociis
417 1523 544 1611 collegii
566 1524 782 1611 gravioribus.

327 1621 421 1688 XIII
449 1622 661 1710 Praepositus
692 1625 879 1711 antiquatur
906 1624 1087 1690 successori
1118 1645 1175 1689 suo
1204 1623 1310 1710 primo
1338 1644 1449 1689 mense
1478 1620 1541 1688 sub
1572 1592 1671 1710 poena

246 1724 341 1788 unius
354 1744 459 1787 novae
472 1744 667 1808 sexagenas,
688 1732 862 1811 postquam
882 1723 1070 1810 designatus
1089 1722 1160 1805 fuit,
1182 1719 1527 1809 debetpraesentibus
1545 1719 1671 1821 reliquis

248 1821 381 1908 collegis
399 1820 538 1887 reddere
557 1822 700 1887 rationes
721 1823 847 1909 accepti
867 1832 899 1888 ιι
913 1823 1059 1910 expensi,
1080 1824 1164 1911 'quae
1177 1842 1255 1887 mox
1275 1818 1518 1906 consignatae
1507 1842 1544 1885 m
1564 1819 1671 1886 fiscum

249 1943 323 1987 cum
342 1919 476 1986 residua
495 1921 643 2008 pecunia,
668 1922 696 1984 si
717 1942 783 2008 qua
802 1921 909 2005 fuerit,
928 1923 1043 2008 reponi
1067 1919 1195 1986 debent

207 2029 237 2087 1⁵
328 2019 437 2085 XIIII.
468 2019 550 2086 Cum
571 2018 614 2084 de
643 2019 741 2085 rebus
762 2020 874 2086 arduis
896 2021 1059 2106 etmagni
1080 2015 1313 2106 mo[lt]menti
1338 2017 1500 2083 dissensio
1527 2025 1588 2099 est,
1613 2036 1672 2081 noo

246 2119 356 2185 statim
384 2117 481 2183 debet
515 2119 721 2205 praepositus
753 2141 843 2184 suam
875 2120 1084 2206 interponere
1113 2118 1320 2183 autoritatem
1348 2115 1406 2182 sed
1435 2114 1517 2181 dare
1544 2112 1672 2200 collegis

245 2228 373 2304 tempus
396 2216 614 2300 deliberandi,
643 2228 740 2305 prout
766 2239 819 2283 res
840 2228 872 2283 et
893 2240 992 2284 causa
1014 2216 1180 2307 postulare
1201 2225 1233 2281 et
1252 2215 1339 2282 t’erre
1359 2214 1534 2283 videbitur.
1558 2212 1611 2283 ¹Si
1631 2234 1671 2278 ce

246 2314 353 2381 cundo
375 2317 544 2382 convocati
569 2340 634 2383 non
662 2325 814 2403 poterunt
835 2318 1018 2400 convenire,
1044 2315 1158 2383 itidem
1178 2314 1221 2380 ab
1243 2336 1281 2381 eo
1302 2314 1367 2379 fiet
1405 2313 1671 2399 Tertiocongre

248 2424 341 2501 gatos
364 2417 467 2481 amice
488 2414 679 2498 hortabitur,
707 2424 742 2481 ut
763 2416 857 2481 iuxta
877 2414 976 2481 fidem
998 2414 1134 2502 collegio
1155 2415 1350 2500 promissam
1372 2413 1510 2505 quisque
1531 2434 1573 2478 ιι
1591 2409 1672 2477 dicat

206 2522 282 2578 ιοιι
304 2513 413 2596 facim,
435 2535 519 2602 quae
538 2514 680 2579 maxime
702 2514 874 2579 videantur
896 2514 963 2580 fore
985 2536 1003 2579 e
1023 2536 1059 2579 re
1081 2514 1250 2579 communi.

330 2612 367 2678 Si
387 2634 493 2701 neque
515 2623 581 2677 tum
602 2615 686 2679 inter
706 2615 795 2700 ipsos
816 2613 913 2677 luerit
940 2634 1126 2695 consensus,
1152 2613 1359 2699 praepositus
1386 2632 1447 2698 pro
1471 2609 1581 2677 officio
1602 2608 1672 2676 boni

247 2711 311 2776 viri
330 2711 365 2777 id
385 2711 546 2795 decernet,
568 2711 654 2800 quod
676 2713 832 2799 optimum
853 2721 885 2776 et
904 2711 1110 2777 utilissimum
1133 2709 1300 2776 iudicabit.

329 2828 402 2894 XV.
433 2827 516 2894 Cum
538 2827 668 2893 scholae
689 2836 722 2892 et
746 2828 992 2897 communitates
1016 2824 1202 2913 collegisles
1228 2848 1299 2891 esse
1327 2824 1468 2892 debeant
1494 2825 1627 2913 pietatis
1645 2835 1672 2890 ιι

247 2926 378 2991 virtutis
406 2925 555 2992 officinae
578 2937 610 2992 ιι
630 2925 790 3008 custodes,
817 2925 926 2992 ideo
917 2927 1068 3041 inprimis
1096 2946 1175 2990 cura
1200 2946 1270 2989 esse
1292 2923 1390 2989 debet
1417 2924 1620 3012 praeposito,
1642 2931 1674 2989 ιιι

211 3025 444 3091 tthonestas
434 3048 469 3090 ιιι
490 3024 627 3112 collegio
651 3035 797 3091 servetur
820 3035 852 3090 ιι
872 3027 976 3090 omnis
996 3023 1182 3112 turpitudo,
1205 3031 1360 3110 quantum
1379 3022 1451 3088 lieri
1476 3032 1596 3110 potest,
1615 3017 1672 3110 [ll]

249 3125 399 3190 evitetur.
439 3123 596 3191 Volumus
632 3126 742 3211 igitur,
775 3135 810 3189 ut
843 3123 930 3189 ultra
961 3140 1162 3189 communem
1193 3130 1377 3208 respectum
1411 3123 1511 3186 etiam
1544 3119 1673 3207 singolis

249 3222 458 3290 semestribus
481 3232 602 3288 statuta
623 3222 667 3289 ad
694 3222 870 3308 inquilinos
892 3224 1089 3336 pertinentia
1115 3223 1291 3287 recitentur
1317 3231 1350 3286 et
1376 3214 1527 3286 lustratio
1554 3217 1673 3284 habita·

246 3325 369 3388 tionum
398 3321 464 3403 fiat,
494 3329 527 3386 ιι
554 3344 667 3388 ιιιιιι
694 3322 878 3407 inquiratur
905 3322 940 3384 in
962 3320 1069 3387 studia
1090 3330 1122 3385 ιι
1145 3342 1253 3385 mores
1281 3319 1524 3406 inquilinorum,
1552 3316 1673 3405 illisque

247 3423 444 3506 iniungatur,
472 3429 508 3486 ut
528 3421 735 3504 mundiciam,
763 3443 847 3508 quae
872 3428 904 3484 et
923 3418 1103 3485 honorifica
1129 3428 1178 3484 est
1205 3417 1341 3504 collegio
1367 3428 1399 3483 et
1420 3417 1505 3505 ipsis
1533 3427 1568 3483 et
1592 3417 1672 3482 miri·

205 3520 309 3586 30fice
330 3518 483 3584 conducit
503 3520 647 3602 sanitati,
675 3527 877 3584 conservent.
919 3517 961 3583 si.
983 3518 1062 3606 quid
1094 3518 1192 3583 etiam
1218 3516 1482 3582 animadversum
1511 3516 1620 3599 fuerit,
1643 3515 1673 3579 in

247 3640 310 3707 quo
348 3625 462 3683 contra
494 3628 621 3684 statuta
659 3617 776 3703 aliquis
817 3616 1006 3705 deliquerit,
1046 3639 1106 3704 pro
1145 3617 1302 3704 qualitate
1339 3615 1449 3681 delicti
1487 3638 1508 3681 ι
1545 3614 1672 3701 collegio

269 3716 411 3782 uniatur.

247 3740 268 3805 p
330 3813 421 3879 XVI.
453 3800 598 3902 Μ]ιςι,
627 3817 683 3903 qui
705 3815 872 3882 mulierem
895 3824 1067 3902 suspectae
1090 3811 1268 3902 pudicitiae
1300 3836 1409 3879 secum
1428 3813 1593 3880 habuisse
1607 3834 1672 3879 con·

245 3915 353 3979 victus
373 3912 487 3995 fuerit,
519 3914 686 3999 persolvat
704 3914 784 3980 fiseo
806 3913 934 4002 collegii
954 3913 1075 3980 multae
1096 3915 1226 3981 nomine
1255 3936 1314 3980 sex
1334 3912 1486 3996 florenos,
1514 3935 1598 4001 quos
1615 3910 1672 3977 nisi

247 4177 394 4249 zugefiigt:
411 4178 500 4231 altero
517 4179 609 4232 statim
625 4178 671 4232 dio
683 4184 831 4249 postquam
848 4179 1008 4248 marpesso,
1024 4177 1147 4231 ναιιοιιιι
1162 4181 1300 4232 mutos
1315 4175 1396 4230 static
1414 4176 1540 4230 ιιιιιίιιιι
1556 4177 1584 4230 ιι
1600 4173 1673 4230 aaut

246 4271 272 4320 ιι
289 4265 316 4317 d.
336 4261 456 4332 Georqis‘
470 4263 592 4317 reddere.
620 4262 691 4316 Eine
709 4265 818 4332 spitere
835 4260 927 4330 Hand,
944 4261 990 4318 die
1007 4258 1135 4332 rugleich
1152 4260 1203 4315 das
1220 4256 1531 4330 Verweisungsaeichen
1550 4257 1671 4329 richtigsr

246 4351 317 4404 setut
340 4343 445 4416 (hister
469 4345 654 4416 ιιιιιιιιιιιιι),
677 4344 728 4399 hat
752 4362 803 4400 aus
829 4345 918 4400 altero
945 4344 1076 4416 gemacht
1099 4361 1140 4406 ιο,
1165 4343 1378 4399 ιιιιιιιιιίιιιιιιιιι
1402 4359 1450 4398 um
1476 4342 1528 4398 das
1552 4340 1671 4415 folgsndc

242 4437 397 4502 postquam.

322 4512 394 4568 Eine
413 4513 522 4583 spitere
534 4510 679 4579 Abschrift
695 4511 785 4567 dieser
797 4510 934 4580 Statuten,
951 4511 996 4566 die
1013 4510 1072 4567 sich
1086 4509 1221 4566 sbenfslls
1239 4507 1269 4565 ιιι
1285 4509 1348 4566 dem
1360 4508 1484 4566 Archive
1496 4510 1547 4566 des
1557 4509 1668 4565 hanon·

248 4595 352 4667 college
373 4594 504 4665 befindet,
527 4594 577 4650 hat
600 4613 650 4650 aus
667 4595 859 4666 Fliichtigkeit
876 4595 921 4650 die
941 4612 1031 4664 ganza
1054 4594 1154 4662 Partis,
1178 4593 1269 4649 nebsrr
1292 4591 1410 4649 welcher
1427 4593 1504 4649 dlese
1522 4590 1669 4648 Raudnon's

249 4678 429 4750 gesrhn'eben
454 4679 535 4747 steht,
559 4678 737 4751 ausgelsssen
760 4677 912 4755 (delleicht
932 4679 962 4733 in
986 4679 1043 4741 der.
1065 4677 1174 4734 freilich
1200 4675 1404 4748 unbegreissieh
1427 4675 1600 4745 verkehrtan,
1620 4673 1669 4729 sn-

247 4761 355 4831 nahme,
376 4763 421 4818 die
442 4762 600 4819 Randnotiz
620 4762 687 4818 sollo
704 4763 755 4817 das
773 4761 834 4817 hier
852 4762 889 4816 im
908 4760 1027 4818 context
1045 4762 1184 4819 Stehende
1200 4763 1342 4832 ιιιιιιιιι),
1365 4778 1396 4816 ιο
1411 4761 1477 4816 dass
1500 4761 1553 4816 der
1568 4760 1668 4815 zuen

247 4845 387 4918 msnhang
402 4846 433 4900 in
448 4845 593 4903 derselben
609 4845 711 4902 lactet:
738 4846 902 4902 ἀιιιιιιιιιι
917 4862 950 4901 ιο
967 4847 1061 4901 etcum
1077 4847 1123 4902 (ιιι
1146 4890 1152 4903 .
1170 4885 1177 4900 .
1195 4886 1202 4900 .
1223 4888 1230 4901 .
1251 4847 1367 4901 reddero
1383 4846 1462 4900 ιἰιιια
1476 4845 1551 4901 dias
1566 4851 1665 4901 nam

248 4929 301 4984 lem
319 4946 346 4986 ιι.
368 4947 388 4986 s.
405 4948 438 4985 ιι.

334 5017 344 5068 1
367 5011 449 5069 Auoh
467 5011 559 5068 hinter
576 5013 678 5069 diesem
696 5013 795 5070 Worte
812 5012 890 5069 hatte
906 5011 1006 5068 Christ.
1024 5012 1174 5068 Preibisius
1189 5013 1251 5069 eius
1267 5011 1434 5086 Einfiigung
1452 5029 1492 5069 ιιι
1506 5013 1563 5069 den
1578 5014 1665 5067 untur

249 5096 331 5153 Rand
349 5095 571 5170 nachgetragou3
588 5096 708 5155 dieselbe
726 5096 763 5152 ist
779 5095 847 5153 aber
862 5096 962 5154 wieder
979 5096 1193 5170 anagasti-ichen
