3756 6158
545 525 594 572 Die
614 523 712 572 Placita
731 523 846 572 nationis
865 523 1009 573 Bavaricae
1032 538 1092 571 vom
1113 524 1194 572 Jahrc
1216 523 1287 575 1498.
1575 516 1632 588 165

207 730 288 771 cura
310 705 486 770 commissa
506 705 611 786 luerit,
633 702 816 769 huiusmodi
839 702 918 770 duos
940 726 1072 789 grossos
1093 705 1218 769 nationi
1240 704 1462 791 persolverint.
1505 703 1632 791 Suppo-

207 809 278 872 sitis
302 816 421 887 autem,
444 827 527 890 quae
550 804 654 870 dictos
675 803 757 868 duos
777 826 909 889 grossos
930 803 1156 890 persolverint,
1184 813 1259 893 post
1280 803 1402 869 obitum
1424 803 1580 868 candelae
1602 814 1634 868 et

206 906 346 995 spolium
369 905 509 970 nationis
531 905 633 989 gratis
656 901 884 985 concedantur,
912 905 975 969 nisi
1003 906 1235 969 testamentarii
1258 903 1310 969 vel
1335 925 1465 968 suorum
1484 903 1632 968 funerum

205 1015 375 1071 curatores
397 1028 457 1091 pro
480 1002 601 1068 eisdem
630 1002 727 1068 rebus
755 1002 969 1068 concedendis
990 1005 1113 1069 nationi
1141 1003 1264 1091 aliquid
1290 1002 1468 1068 liberaliter
1496 1025 1632 1089 erogare

206 1105 378 1171 voluerint.
420 1103 569 1168 Aliarum
591 1126 669 1167 vero
690 1104 857 1169 nationum
879 1105 1049 1190 supposita
1076 1114 1152 1190 post
1180 1103 1370 1170 solutionem
1393 1101 1494 1167 debiti
1524 1104 1631 1167 carnis
1657 1113 1672 1166 5

204 1216 346 1293 quatuor
367 1226 498 1290 grossos
521 1226 580 1289 pro
602 1202 706 1288 spolio
729 1212 785 1267 aut
806 1202 950 1268 candelis
970 1204 1095 1269 nationi
1116 1203 1303 1290 persolvere
1323 1201 1524 1268 tenebuntur.

673 1373 702 1436 8.
722 1388 769 1435 nn
791 1387 890 1436 rusco
913 1386 1171 1465 cusronmrno.

288 1503 425 1587 Placuit,
452 1503 539 1591 quod
560 1510 698 1589 q'uatuor
719 1504 861 1568 seniores
883 1503 923 1568 de
944 1504 1075 1569 natione
1102 1504 1334 1592 possessionati
1355 1504 1468 1567 fiscum
1490 1502 1631 1567 nationis

205 1605 387 1691 respiciant
408 1615 439 1668 et
462 1627 519 1691 per
541 1603 685 1668 ordinem
709 1605 777 1667 sive
799 1601 967 1668 alternatis
990 1602 1117 1669 vicibus
1140 1602 1333 1686 custodiant,
1363 1604 1409 1668 sic
1431 1600 1518 1689 quod
1539 1603 1629 1688 prior

204 1705 314 1770 senior
336 1706 445 1790 ipsum
466 1726 525 1790 per
554 1726 653 1768 unum
681 1725 800 1767 annum
821 1713 852 1767 et
880 1702 997 1768 deinde
1019 1699 1083 1790 [4⁸]
1105 1703 1162 1768 alii
1190 1703 1338 1769 similiter
1364 1703 1398 1767 in
1428 1700 1541 1768 ordine
1570 1711 1671 1766 anolo

204 1827 263 1892 per
285 1826 385 1870 unum
407 1825 525 1869 annum
547 1802 738 1878 custodiant

623 1973 652 2032 9.
673 1975 720 2030 n'n
744 1983 892 2034 saonam
913 1985 1002 2034 r1scr
1020 1983 1219 2035 saccaron.

290 2101 428 2184 Placuit,
456 2100 543 2188 quod
562 2099 659 2166 'nulla
687 2103 825 2188 pecunia
855 2102 895 2166 de
921 2102 1000 2168 fisco
1029 2104 1171 2167 nationis
1201 2103 1270 2167 sine
1300 2123 1457 2168 consensu
1488 2104 1629 2167 omnium

204 2205 438 2290 magistrorum
459 2201 599 2266 nationis
621 2210 771 2286 erogetur
794 2203 862 2266 sive
883 2200 1097 2290 expendatur,
1119 2202 1182 2268 nisi
1204 2224 1264 2289 pro
1288 2200 1431 2266 candelis
1454 2202 1630 2267 reforman-

204 2303 257 2371 dis
279 2312 336 2368 ant
358 2301 423 2367 alia
444 2323 480 2366 re
499 2302 683 2365 necessaria
704 2299 827 2386 aliquid
849 2300 1078 2399 exponendum·
1096 2300 1203 2384 fucrit,
1231 2325 1294 2390 quo
1322 2324 1401 2367 casu
1427 2302 1534 2366 senior
1556 2311 1670 2365 cum15

206 2403 270 2471 alio
291 2402 459 2488 clavigero
479 2408 672 2487 potestatem
693 2400 872 2488 recipiendi
895 2403 1051 2488 pecunias
1073 2400 1113 2465 de
1135 2400 1214 2467 fisco
1234 2401 1385 2468 habeant.

519 2569 565 2631 to.
585 2582 632 2631 na
654 2583 898 2633 renascereris
919 2585 1077 2634 rnamms
1098 2580 1337 2634 runnrosrrnrs.
1366 2590 1369 2594 ’

287 2701 428 2766 Domum
459 2699 596 2786 placuit,
633 2699 720 2787 quod
750 2722 788 2764 eo
816 2699 878 2784 die,
907 2723 969 2788 quo
996 2702 1146 2788 magistri
1173 2701 1379 2767 nationaliter
1408 2699 1628 2778 convenerint,

207 2801 432 2892 suprascripta
459 2799 580 2888 placita
608 2821 718 2864 coram
747 2799 895 2865 omnibus
917 2803 1083 2888 magistris
1105 2802 1244 2866 nationis
1266 2800 1396 2888 publice
1419 2798 1570 2886 legantur
1591 2818 1630 2861 ao

208 2900 411 2991 publicentur
439 2899 649 2986 magistrique
678 2908 817 2987 protunc
843 2923 901 2986 per
929 2902 1088 2966 seniorem
1110 2900 1251 2966 nationis
1280 2901 1333 2988 pie
1361 2905 1672 2978 commoneantur,20

206 3013 240 3068 ut
259 3000 473 3090 praescriptis
496 2998 627 3086 placitis
649 3021 719 3064 sese
740 2997 962 3086 obtemperent
982 3009 1015 3063 et
1034 3000 1147 3065 eadem
1169 3009 1375 3066 manutenere
1397 2999 1554 3071 studeant

596 3189 641 3248 11.
665 3179 727 3269 [Bl.
748 3182 801 3268 lb]
828 3200 944 3249 anuos
966 3201 1255 3251 convocarrorus.

283 3312 415 3404 „Hodie
434 3315 515 3381 hora
537 3315 643 3401 prima
663 3324 862 3403 peragentur
882 3317 1041 3404 exequiae
1062 3318 1202 3383 nationis
1223 3317 1429 3394 Bavarorum
1452 3337 1525 3379 cum
1544 3315 1626 3399 vigi-

209 3419 255 3484 liis
283 3428 316 3483 st
337 3439 411 3482 cras
432 3415 513 3481 hora
533 3437 574 3478 .n.
596 3436 669 3479 cum
696 3415 805 3479 missis
832 3417 866 3479 in
893 3416 1030 3481 ecclesia
1057 3419 1160 3482 sancti
1187 3418 1233 3481 .N.
1273 3414 1326 3480 Ob
1352 3415 1426 3495 hoc,
1453 3413 1630 3479 reverende

210 3519 372 3605 magister,
392 3524 539 3601 tempore
561 3523 592 3576 et
614 3513 701 3579 horis
723 3515 935 3601 praescriptis
957 3518 991 3580 in
1015 3516 1102 3582 dicta
1123 3516 1261 3583 ecclesia
1282 3516 1484 3580 cumvestris
1507 3514 1669 3579 schola-25

209 3617 295 3683 ribus
324 3617 469 3702 (siquos
491 3613 532 3676 de
551 3615 700 3699 praefata
721 3616 851 3679 natione
871 3614 1039 3679 vobiscum
1061 3616 1253 3698 habueritis)
1280 3615 1441 3695 constitui,
1472 3616 1532 3700 pro
1560 3616 1628 3678 ani-

209 3716 321 3783 mabus
343 3715 595 3801 suppositorum,
617 3737 658 3781 ex
679 3712 794 3780 eadem
814 3715 945 3780 natione
966 3715 1197 3797 defunctorum,
1219 3738 1322 3796 orare,
1345 3712 1539 3779 oblationem
1550 3735 1626 3800 quo·
1726 3780 1728 3784 ,

208 3840 266 3905 qus
287 3819 398 3881 lacere
419 3814 538 3896 velitis,
564 3813 778 3879 consimilium
800 3835 933 3899 operum
959 3815 1091 3901 pietatis
1119 3815 1350 3880 exhibitionem
1375 3823 1451 3901 post
1471 3813 1626 3881 humatio·

205 3939 276 3982 nem
297 3923 444 3980 vestram
462 3922 701 4001 expectatauus.

507 4011 612 4080 Detur
635 4012 783 4079 omnibus
804 4013 970 4099 magistris
992 4022 1024 4078 et
1044 4014 1231 4081 doctoribus
1252 4016 1392 4081 nationis
1411 4015 1624 4079 Bavaricae.“
1634 4021 1667 4077 30

666 4201 713 4262 12.
735 4213 852 4262 aaron
871 4202 1180 4264 nxnoararrours.¹

284 4329 348 4413 „N.
369 4339 477 4394 rector
488 4338 546 4394 etc.
568 4328 654 4410 Quia
674 4329 768 4394 nacio
790 4327 1002 4412 Bavarorum‚
1025 4330 1178 4417 operibus
1199 4333 1330 4418 pietatis
1352 4339 1440 4395 mota
1464 4329 1624 4416 salutique

204 4432 386 4497 animarum
407 4424 471 4516 [5⁸]
494 4429 734 4514 suppositorum
763 4450 805 4494 ex
831 4428 944 4494 eadem
970 4431 1102 4496 natione
1128 4430 1353 4497 defunctorum
1374 4430 1625 4496 misericorditer

203 4533 337 4612 intuma
365 4526 528 4615 quondam
551 4526 724 4593 salubriter
751 4527 915 4593 ordinavit
942 4538 974 4593 et
1004 4532 1129 4612 statuit,
1160 4528 1249 4617 quod
1280 4528 1416 4615 singulis
1444 4530 1536 4594 annis
1564 4551 1624 4615 pro

204 4626 389 4696 huiusmodi
409 4625 579 4691 animabus
602 4627 824 4693 defrmctorum
853 4628 1093 4694 anniversarius
1115 4632 1148 4694 in
1169 4628 1279 4716 aliqua
1298 4627 1507 4693 ecclesiarum
1528 4627 1664 4692 huius35

204 4728 318 4819 oppidi
343 4748 419 4792 cum
445 4724 566 4791 divinis
594 4726 719 4808 offitiis,
747 4725 870 4812 vigiliis
898 4727 1050 4792 videlicet
1076 4737 1108 4792 et
1134 4731 1256 4811 missis,
1287 4728 1482 4794 sollemniter
1510 4729 1624 4815 peragi

205 4828 321 4895 debeat
342 4835 376 4893 et
396 4822 562 4907 celebrari,
583 4825 721 4911 ideoque
742 4826 888 4891 hortatur
910 4829 1018 4891 omnia
1039 4837 1072 4891 et
1099 4826 1226 4912 singula
1250 4841 1316 4893 tam
1344 4828 1505 4915 graduata
1526 4851 1623 4915 quam

205 4948 268 4994 non
298 4923 464 5013 graduata
488 4925 628 4992 nationis
654 4924 800 4991 eiusdem
826 4927 1009 5012 supposita,
1040 4937 1198 5013 quatenus
1224 4926 1320 4992 hodie
1346 4927 1428 4992 hora
1456 4929 1562 5015 prima
1589 4929 1623 4991 in

288 5199 301 5250 1
322 5193 368 5249 lm
383 5191 588 5282 anendiclren
605 5190 863 5254 ubaainstimnsnd
881 5191 932 5248 mit
952 5192 1019 5249 nro.
1035 5197 1069 5250 69
1084 5192 1134 5248 das
1149 5190 1275 5248 Libellus
1291 5190 1455 5248 formulario.
