3756 6158
246 492 307 555 448
743 487 794 536 Die
813 487 1030 552 pbilosophieohc
1047 487 1175 540 Faemttt

250 671 320 734 eam
344 668 580 756 oppositiones,
606 666 705 753 leges,
732 670 961 733 conversiones
981 677 1013 732 ct
1033 667 1306 754 acquipollcnoiaa
1333 669 1532 755 generaliter
1553 671 1668 751 sciunt3

248 782 279 832 et
300 768 438 854 hocquo
453 765 495 831 ad
517 769 826 853 periermenias3
850 766 907 831 sed
929 789 993 853 quo
1016 766 1059 831 ad
1079 766 1200 833 librum
1220 767 1436 855 Porphirii
1457 768 1667 834 diffiniciones

247 869 388 954 quinque
419 866 650 931 universalium
683 876 731 949 et,
765 868 903 931 termino
936 868 1121 954 proposito,
1158 890 1200 951 an
1232 868 1418 933 universale
1451 867 1668 955 praedicabile

245 968 424 1053 genus...¹
446 965 629 1031 differentia
640 965 692 1030 vel
714 964 802 1029 aliud
823 965 1054 1030 universalium
1076 969 1126 1030 sit.
1149 967 1194 1031 Et
1216 989 1280 1052 quo
1301 967 1344 1032 ad
1365 967 1486 1033 librum
1507 966 1667 1055 praedi·

203 1077 220 1131 5
247 1074 542 1149 camentorum,
568 1075 646 1152 quot
667 1077 700 1130 et
726 1088 809 1153 quae
837 1067 903 1130 sint
930 1065 1270 1152 antepraedicamenta
1295 1090 1375 1133 vera
1405 1067 1668 1155 praedicamenta

246 1176 278 1230 et
303 1164 644 1253 postpraedicamenta
665 1175 696 1229 et
717 1168 751 1229 in
772 1187 836 1252 quo
858 1164 1122 1251 praedicamento
1145 1167 1187 1229 sit
1208 1167 1364 1232 terminus
1385 1166 1438 1231 vel
1464 1177 1586 1232 natura
1615 1188 1667 1252 per

244 1266 417 1331 terminum
444 1264 627 1350 significata
654 1274 687 1329 et
708 1264 782 1347 alia,
811 1256 1099 1352 quaehuiusmodi
1128 1276 1203 1329 sunt
1228 1265 1512 1348 considerationis,
1539 1287 1666 1352 genera·

244 1364 316 1428 lia‘
339 1364 377 1429 In
398 1386 504 1428 nova
524 1363 645 1450 loyca
667 1372 885 1451 competenter
906 1365 991 1428 scire
1011 1363 1139 1446 debent,
1167 1364 1245 1449 quid
1268 1364 1477 1452 sillogismis,
1506 1363 1586 1453 quid
1607 1387 1666 1429 mo

245 1462 317 1547 dus,
344 1462 421 1549 quid
450 1463 557 1550 ligura
584 1473 649 1546 est3
680 1474 712 1528 et
738 1463 938 1528 formarem
959 1465 1046 1528 omni
1069 1464 1175 1550 ligura
1202 1475 1234 1528 et
1260 1464 1367 1530 modis
1395 1464 1667 1551 sillogismos3et

206 1573 238 1627 ιθ
248 1562 327 1649 qurd
349 1559 412 1650 [9¹³]
434 1563 582 1636 inducoio
605 1513 745 1627 erithime
768 1571 844 1628 et..
871 1560 899 1604 ²
905 1573 937 1628 et
956 1564 990 1627 in
1009 1565 1056 1628 eis
1075 1564 1216 1628 formare
1238 1573 1329 1651 apta
1336 1564 1498 1688 exempla
1526 1565 1569 1629 ln
1588 1562 1665 1651 phi·

247 1664 332 1727 sica
333 1662 470 1728 sufficit
491 1661 737 1749 generalissima
757 1663 912 1748 cognicio.

471 1851 539 1912 10.
561 1848 851 1922 onosmcunrss
873 1863 1034 1912 auruum
1055 1863 1185 1913 menos
1206 1852 1443 1915 molerano„
1511 1936 1514 1942 ¹

328 1995 470 2082 Reputat
499 1991 638 2058 facultas
670 1996 794 2060 arcium
826 1995 942 2082 dignos
973 1997 1177 2083 magisterio,
1216 1997 1271 2084 qui
1304 1997 1340 2061 se
1371 1993 1455 2060 bene
1468 2016 1472 2021 ·
1487 1993 1610 2060 babent
1636 1995 1665 2058 in

245 2105 355 2160 vetere
375 2102 455 2177 arte,
482 2095 517 2157 in
538 2114 625 2157 nova
646 2091 762 2179 logica,
789 2096 824 2159 in
844 2091 1056 2184 philosophia
1076 2095 1227 2181 naturali,
1254 2097 1287 2160 in
1310 2095 1530 2183 metaphisica
1552 2103 1583 2159 et
1603 2092 1664 2182 phi·

206 2205 237 2261 15
247 2194 395 2283 losephia
423 2192 538 2258 morali
568 2190 802 2280 competenter3
836 2205 867 2258 et
899 2218 964 2260 non
995 2204 1088 2261 curat
1118 2197 1153 2259 in
1183 2218 1222 2261 ea
1251 2204 1346 2281 parte
1377 2195 1542 2260 mitiorem
1569 2194 1664 2258 lacere

247 2294 515 2382 deauracionem,
545 2294 623 2380 quia
643 2291 750 2357 nullus
776 2295 810 2357 in
839 2293 962 2358 artibus
984 2282 1136 2359 alciorem
1158 2293 1297 2380 gradum
1317 2295 1509 2381 magisterio
1530 2293 1663 2358 nancisci

246 2403 362 2482 potest.
403 2393 549 2480 Dignum
579 2400 686 2476 putat,
715 2414 937 2481 quemcunque
964 2394 999 2458 in
1024 2395 1216 2481 magistrum
1236 2415 1301 2458 non
1326 2393 1462 2481 indigne
1476 2392 1663 2481 promoveri

246 2493 407 2559 volentem
427 2495 483 2576 ita,
505 2500 541 2555 ut
561 2492 789 2579 praemittitur,
810 2515 874 2578 quo
896 2492 940 2558 ad
961 2495 1119 2558 sciencias
1140 2491 1360 2580 qualificatum
1381 2493 1454 2559 fore
1474 2491 1602 2559 debere.

392 2683 440 2743 ιι.
467 2693 514 2741 on
539 2691 695 2758 sensuro
718 2692 851 2742 mmcro
873 2677 918 2741 br
939 2693 1038 2742 nono
1060 2692 1281 2742 namurcum
1301 2692 1528 2744 numeros

206 2786 240 2842 ιο
801 2792 1119 2842 ιιιοοιιιιιιιιιιιοι.
1218 2780 1221 2783 ’

330 2926 581 2992 Examinatores
603 2934 635 2990 et
654 2925 795 2990 decanus
816 2925 990 2991 admittunt
1019 2927 1222 2991 examinatos
1249 2948 1308 3012 pro
1338 2925 1448 3012 gradu
1475 2923 1656 2993 baccalerie·

246 3037 297 3092 tus
318 3025 493 3092 seeundum
513 3026 758 3112 infrascriptum
779 3025 920 3108 modum,
944 3026 1125 3119 praemissa
1145 3027 1235 3112 prius
1257 3025 1402 3111 generali
1423 3026 1657 3095 interlocutione

248 3126 288 3192 de
315 3125 533 3214 qualitatibus,
562 3126 816 3190 circumstanciis
845 3135 879 3190 et
908 3124 1156 3209 conditionibus,
1183 3136 1249 3190 tam
1278 3148 1341 3211 quo
1370 3125 1415 3190 ad
1442 3149 1551 3193 mores
1577 3147 1656 3214 quan

249 3226 376 3315 quoad
404 3227 561 3291 scienciae
584 3246 798 3312 personarum
821 3233 852 3288 ct
871 3225 958 3289 vitae
986 3227 1146 3290 meritum.
1186 3224 1333 3306 Quilibet
1359 3228 1615 3305 examinatorum
1630 3226 1672 3288 ιιιΙ

208 3337 349 3394 25manu
374 3325 494 3390 habeat
520 3326 594 3412 pisa
621 3332 654 3388 et
679 3323 820 3410 lapillos,
849 3333 1073 3412 ponanturque
1102 3325 1218 3409 mitrae
1245 3326 1542 3411 promovendorum
1565 3345 1657 3391 secur

250 3427 326 3493 dum
353 3425 497 3490 ordinem
520 3427 675 3511 ipsorum,
703 3423 832 3488 traditis
860 3433 967 3488 tamen
995 3424 1085 3508 prins
1112 3425 1146 3488 in
1174 3425 1336 3511 principio
1359 3427 1523 3492 examinis
1545 3421 1656 3490 cuilibet

250 3527 510 3591 examinatorum
540 3522 723 3588 nominibus
754 3522 953 3608 singulorum
981 3523 1271 3589 examinandorum
1299 3547 1360 3611 per
1389 3524 1550 3590 decanum
1574 3520 1655 3589 facul·

249 3627 334 3691 tatis.
375 3622 428 3687 Ad
456 3645 536 3710 quas
564 3621 706 3686 decanus
735 3632 767 3686 et
792 3627 1030 3714 examinatores
1057 3624 1151 3687 iuxta
1172 3622 1319 3691 ordinem
1347 3622 1519 3710 dignitatis
1541 3635 1572 3690 et
1591 3622 1655 3690 senii

250 3724 448 3804 transibunt,
478 3731 510 3786 et
530 3720 642 3787 volens
670 3719 810 3806 aliquem
838 3721 1008 3787 admittere
1035 3732 1138 3809 ponat
1163 3725 1232 3800 sine
1262 3721 1336 3787 dolo
1365 3734 1397 3787 et
1423 3724 1540 3790 fraude
1568 3726 1656 3812 pisum

209 3826 295 3894 acad
315 3826 446 3890 mitram
467 3823 579 3909 ipsius,
604 3819 715 3886 volens
737 3830 843 3885 autem
871 3823 994 3886 reicere
1019 3821 1133 3886 eodem
1155 3822 1251 3888 modo
1271 3821 1430 3910 lapillum.
1475 3822 1550 3906 Qua
1571 3827 1656 3909 impe

251 3928 366 3991 sitione
389 3946 447 4010 pro
476 3920 624 3988 omnibus
646 3943 747 4006 usque
774 3920 816 3985 ad
844 3921 940 3986 finem
963 3921 1131 4035 completa,
1158 3921 1215 3986 fiat
1236 3924 1428 3987 scrutinium
1450 3925 1657 3990 mitrarumiu

250 4024 440 4114 praesencia
469 4019 584 4102 deceni
611 4029 642 4084 et
668 4031 850 4085 ceterorum
880 4022 1145 4103 examinatorum,
1171 4019 1354 4085 inchoando
1383 4045 1404 4086 a
1426 4025 1533 4109 primo
1555 4025 1658 4090 exami-

250 4135 325 4188 nato
345 4143 447 4210 usque
469 4120 511 4185 ad
532 4115 688 4185 ultimum.
729 4118 773 4184 Et
801 4122 829 4185 si
854 4122 918 4185 tria
947 4122 1020 4205 pisa
1047 4120 1081 4183 in
1107 4121 1204 4184 mitra
1230 4119 1366 4186 clicerius
1393 4119 1657 4213 promovendiad

249 4226 356 4288 minus
390 4223 522 4289 inventa
552 4220 687 4301 fuerint,
719 4221 761 4284 sit
791 4212 966 4302 admissns3
998 4221 1025 4284 si
1056 4228 1161 4284 autem
1189 4229 1255 4284 tres
1287 4219 1392 4307 lapilli
1419 4220 1463 4285 ad
1496 4225 1600 4289 minus
1623 4221 1658 4287 ibi

208 4322 374 4412 35reperti
401 4321 535 4404 fuerim,
563 4321 605 4383 sit
630 4321 768 4384 reiectus
796 4320 918 4404 absque
946 4319 1056 4406 aliqua
1073 4318 1228 4384 ulteriori
1255 4319 1453 4402 inductione.
1496 4321 1544 4388 Et
1568 4321 1658 4389 nullus

252 4423 481 4509 magistrorum
512 4418 572 4484 sub
603 4441 663 4483 sua
692 4421 898 4502 conscientia,
927 4418 1021 4505 quid
1033 4420 1236 4506 imposuerit,
1267 4419 1364 4486 debet
1392 4420 1494 4487 alicui
1520 4421 1657 4502 revelare,

249 4525 343 4590 iuxta
367 4543 458 4585 suum
485 4521 700 4584 iuramentum
726 4528 871 4619 tempore
898 4519 1061 4583 electionis
1091 4541 1168 4583 suae
1193 4519 1228 4584 in
1255 4521 1513 4588 examinatorem
1541 4521 1657 4611 praest·

251 4633 330 4688 tum.
372 4619 416 4684 Et
444 4616 627 4684 huiusmodi
658 4623 816 4683 secretum
841 4617 996 4682 iudicium
1022 4618 1118 4684 modo
1144 4619 1325 4705 praemisso
1352 4619 1545 4688 observetur
1571 4625 1656 4687 eom

251 4724 281 4788 si
300 4742 410 4787 omnes
424 4720 565 4808 quinque
580 4720 817 4784 examinatores
838 4740 881 4782 ex
900 4739 999 4782 eausa
1019 4716 1211 4783 rationabili
1230 4739 1290 4804 pro
1312 4719 1461 4806 generali
1480 4721 1654 4788 admissione

211 4820 402 4887 tolacienda
422 4817 569 4884 inclinati
587 4817 700 4883 forent
1417 4845 1419 4851 ¹

334 5076 345 5125 1
366 5069 421 5207 {ip
435 5069 529 5208 eVkiort
546 5069 597 5122 das
615 5066 661 5122 ioh
678 5068 756 5123 nieht
772 5085 808 5123 au
826 5069 969 5124 entziffern
986 5086 1106 5141 vermng,
1123 5053 1301 5141 gesohrieben
1312 5077 1373 5144 sss,
1393 5075 1445 5131 vie
1462 5094 1492 5133 es
1509 5075 1610 5131 scheint

336 5159 351 5209 2
415 5171 435 5226 g
471 5157 533 5209 iirzt
551 5158 618 5208 cam.
