3756 6158
247 468 307 534 364
731 473 782 522 Die
807 473 1025 536 philosophische
1043 474 1171 529 Faculttt.

251 651 349 715 etita
370 649 502 716 ulterius
523 649 687 736 usquead
708 653 880 738 magistros
901 664 1040 739 quatuor
1059 665 1371 738 annorum-tantum,
1393 658 1469 742 quia
1490 667 1570 723 tunc
1590 659 1663 726 ordo

247 750 455 837 reincipiatur
483 773 504 817 a
528 750 719 818 senioribus.
771 752 815 817 Et
840 752 1026 837 audientes,
1060 776 1102 819 ne
1124 767 1317 840 graventur,
1354 755 1432 822 dent
1459 779 1521 845 pro
1552 758 1662 824 medie

248 857 315 915 tate
338 856 352 915 l
374 849 443 917 flor.
1112 860 1128 895 ⁰

330 955 378 1015 15.
398 949 490 1035 Item,
512 973 552 1016 ne
575 973 734 1039 pauperes
756 952 1079 1040 grevenum‘plaeet,
1102 952 1189 1040 quod
1210 953 1511 1037 vicecancellarius,
1535 957 1591 1044 qui
1612 958 1666 1023 erit

201 1057 218 1114 5
247 1047 290 1112 ad
312 1070 432 1117 annum
454 1051 596 1116 futurum
618 1060 651 1115 et
668 1051 703 1115 in
723 1059 829 1135 antea,
851 1053 927 1139 quia
948 1052 992 1117 ad
1004 1063 1207 1140 praesentem
1227 1074 1292 1119 non
1312 1062 1420 1141 potest
1441 1077 1476 1120 se
1498 1054 1665 1122 extendam

244 1171 286 1213 ex
309 1169 413 1215 causa
431 1150 633 1238 supradicta,
653 1152 682 1215 si
705 1149 783 1217 velit
810 1140 986 1239 disputare,
1013 1175 1055 1218 ex
1076 1175 1139 1238 quo
1166 1176 1230 1220 non
1258 1162 1384 1219 tenetur
1414 1152 1533 1243 aliquis
1564 1177 1664 1221 seeum

244 1255 347 1331 stare,
377 1248 494 1316 debeat
515 1249 681 1338 disputare
701 1250 802 1317 libro'e
823 1250 863 1316 de
885 1252 995 1337 anima
1015 1275 1073 1338 per
1094 1251 1201 1318 titulos
1229 1252 1387 1319 Buridani
1408 1263 1441 1319 et
1465 1253 1579 1338 finire,
1612 1277 1665 1342 pro

243 1369 306 1434 quo
326 1347 446 1415 habeat
467 1373 486 1415 a
508 1349 651 1437 quolibet
670 1350 892 1438 magistrando
913 1373 1012 1417 unum
1032 1351 1190 1418 florenum
1217 1355 1393 1434 rinensem,
1428 1361 1460 1419 et
1495 1375 1562 1420 non
1588 1353 1666 1420 ultra

245 1446 352 1531 dabit,
383 1449 443 1514 sub
474 1472 531 1514 suo
557 1450 745 1531 iuramento.
796 1449 841 1515 Et
867 1453 931 1534 sic,
959 1473 1000 1515 ne
1022 1460 1215 1537 graventur,
1247 1460 1379 1518 careant
1405 1450 1470 1518 alio
1500 1453 1664 1536 exercicio,

205 1557 236 1612 10
245 1547 368 1614 scilicet
387 1548 429 1614 de
449 1550 657 1635 generatione
677 1548 730 1614 vel
751 1572 928 1637 parvorum
948 1549 1146 1617 naturalium
1164 1550 1217 1616 vel
1240 1550 1281 1617 de
1301 1551 1400 1618 coelo.

330 1653 377 1715 16.
408 1648 490 1714 Item
511 1647 597 1736 quod
631 1646 765 1715 ulterius
796 1648 976 1736 disputetur
1001 1649 1221 1738 quodlibetum
1250 1649 1426 1716 secundum
1453 1650 1605 1753 nationes
1629 1650 1665 1717 de

243 1755 357 1813 cetero.
695 1773 704 1781 ·
1363 1760 1367 1767 '

369 1884 607 1963 Etoqesctattet:
631 1881 709 1948 Fiat
729 1879 771 1946 de
789 1879 1029 1969 quodlibetario
1047 1858 1133 1948 sicut
1148 1880 1189 1948 de
1210 1881 1333 1949 decano
1355 1903 1414 1970 per
1435 1880 1630 1951 electionem

331 2019 377 2084 17.
398 2015 479 2080 Item
505 2015 660 2102 magister
682 2015 823 2080 existens
845 2013 992 2101 plenarie
1014 2024 1087 2085 octo
1109 2036 1266 2082 annorum
1285 2014 1405 2082 lrabeat
1423 2014 1619 2100 facultatem,
1639 2017 1663 2081 si

207 2123 238 2177 15
247 2114 385 2179 materia
416 2116 567 2202 requirit,
604 2112 746 2202 ponendi
778 2123 916 2201 quatuor
952 2110 1189 2199 conclusiones,
1226 2114 1312 2181 infra
1336 2123 1445 2181 autem
1474 2113 1579 2182 solum
1605 2123 1664 2182 tres

248 2212 477 2279 conclusiones.
1111 2239 1113 2242 ’

331 2319 379 2382 18.
400 2314 482 2379 ltem
494 2335 604 2380 omnes
619 2312 768 2400 magistri
788 2319 937 2379 tenentur
957 2313 1114 2380 interesse
1135 2323 1167 2380 et
1187 2335 1318 2379 manere
1344 2335 1366 2378 a
1386 2313 1662 2403 principiumque

246 2412 414 2496 adfinem,
438 2421 572 2501 excepto
593 2414 666 2496 isto,
686 2410 773 2502 quod
787 2420 904 2478 exeant
925 2412 1087 2478 interdum
1102 2434 1164 2500 pro
1187 2411 1325 2498 solaci03
1347 2404 1380 2478 et
1391 2411 1542 2480 similiter
1554 2411 1663 2481 debent

245 2514 402 2580 interesse
423 2513 591 2601 supposita
612 2513 672 2579 sub
692 2535 758 2579 non
778 2513 988 2600 promotione.

768 2752 1100 2776 .-.h—-—--—-.

775 2946 919 3000 Zwetter
948 2945 1105 3000 ltntwurf.

412 3113 506 3164 rrmo
528 3097 651 3164 xnnnt
681 3096 979 3176 sns1srsrronns:
1001 3095 1462 3178 cssrrs,nsr1sr0reus1s.¹

329 3246 383 3313 Ad
404 3246 602 3313 obviandum
623 3245 834 3335 quibusdam,
856 3268 939 3335 quae
959 3268 1020 3333 pro
1042 3254 1189 3333 tempore
1209 3244 1357 3311 facultati
1376 3245 1504 3311 arcium
1524 3243 1659 3311 obnoxia

246 3346 449 3430 videbantur,
470 3355 502 3412 et
517 3346 692 3433 signanter,
712 3354 748 3412 ut
762 3346 803 3412 ob
818 3355 947 3413 nostrae
958 3346 1178 3411 universitatis
1188 3344 1308 3411 famam
1331 3343 1528 3411 ethonorem
1550 3343 1661 3432 ydonei

249 3448 419 3513 dumtaxat
454 3457 486 3512 et
516 3445 618 3518 abiles
645 3448 680 3511 in
714 3446 839 3512 artibus
866 3455 1132 3533 promoveantur,
1162 3444 1292 3511 condita
1319 3454 1393 3510 sunt
1418 3453 1544 3510 statuta
1568 3444 1660 3510 infra·

208 3550 371 3635 25scripta
397 3556 429 3613 et
450 3569 509 3634 per
528 3547 702 3633 magistros
725 3544 765 3611 de
786 3544 919 3611 consilio
937 3543 1100 3610 facultatis
1120 3552 1286 3631 tamquam
1306 3543 1522 3610 racionabilis
1540 3566 1661 3612 concor·

250 3647 334 3713 diter
357 3648 549 3735 approbata.
846 3661 848 3664 ’

702 3769 727 3828 1.
754 3778 800 3827 ne
822 3776 1019 3828 unuemorsn
1042 3774 1178 3826 nncsru
1280 3795 1281 3798 π

331 3899 492 3980 Primum,
521 3898 598 3985 quia
625 3895 796 3960 decanatui
823 3892 986 3960 facultatis
1016 3893 1134 3958 artium
1164 3901 1317 3980 quaestus
1340 3899 1377 3956 ut
1397 3890 1577 3978 plurimum
1597 3913 1661 3979 pro·

251 3999 355 4081 venit,
390 3995 579 4084 temporalis
609 3995 752 4082 suspicio
781 3993 872 4059 volat
899 4003 931 4058 et
958 3993 1175 4080 praesumitur
1202 3990 1424 4068 vehementer,
1452 3990 1542 4079 quod
1570 3989 1661 4079 aliqui

207 4098 366 4164 eodeoani
395 4096 436 4163 ob
466 4097 605 4161 fructum
633 4093 823 4181 ampliorem
853 4092 1098 4180 percipiendum
1129 4089 1301 4157 nonnullos
1334 4090 1441 4154 minus
1475 4090 1582 4156 abiles
1617 4087 1661 4154 vel

249 4198 393 4285 ydoneos
412 4194 517 4261 modis
538 4203 570 4259 et
591 4192 706 4260 mediis
734 4194 834 4258 variis
859 4191 1012 4258 inducere
1032 4191 1158 4278 possint
1178 4190 1221 4255 ad
1243 4211 1277 4256 se
1297 4187 1503 4255 examinibus
1523 4190 1660 4255 summit·

248 4296 392 4378 tendum,
418 4293 471 4359 vel
498 4294 594 4359 etiam
615 4293 696 4359 tales
724 4291 805 4361 alias
826 4292 948 4356 intrare
966 4289 1110 4356 volentes
1131 4288 1256 4355 laxiore
1275 4289 1384 4375 rigore
1404 4286 1557 4354 adhibito
1576 4287 1660 4353 dissi·

250 4395 408 4461 mulanter
437 4392 587 4459 tolerare.
628 4392 769 4479 ldeoque
797 4391 841 4456 ad
864 4389 1049 4455 huiusmodi
1070 4389 1287 4475 suspicionem
1308 4385 1561 4453 rescindendam
1582 4395 1614 4451 et
1632 4395 1663 4450 ut

250 4496 377 4562 occasio
399 4491 569 4559 laborandi
579 4513 647 4579 ,pro
669 4490 829 4556 decanatu
846 4490 1047 4578 aliquatenus
1066 4489 1292 4575 restringatur,
1315 4485 1438 4573 placuit
1456 4484 1614 4568 facultati,
1633 4495 1662 4549 ut

209 4596 283 4660 eoin
305 4604 402 4659 antea
421 4602 568 4679 tempore
591 4590 755 4657 electionis
774 4590 852 4655 novi
873 4589 1003 4672 decani,
1030 4589 1210 4675 praemissa
1237 4586 1332 4653 solito
1352 4607 1443 4650 more
1463 4585 1662 4651 invocatione

251 4695 355 4760 sancti
367 4693 510 4780 spiritus,
531 4679 664 4779 quilibet
679 4690 908 4777 magistrorum
922 4688 963 4753 de
977 4686 1110 4753 consilio
1122 4685 1284 4752 facultatis
1306 4683 1367 4750 sub
1387 4706 1447 4751 sua
1467 4685 1661 4753 consuenda

252 4792 337 4857 hunc
362 4791 462 4878 eligat
487 4792 522 4856 in
548 4789 725 4873 decanum,
761 4810 856 4875 quem
882 4796 1020 4875 protunc
1054 4787 1146 4852 iuxta
1173 4783 1329 4872 temporis
1357 4781 1609 4870 disposicionem
1632 4791 1660 4848 et

252 4891 397 4958 ordinem
413 4891 586 4957 nacionum
608 4889 650 4956 ad
671 4886 909 4976 expediendum
923 4885 1052 4974 singula
1069 4907 1129 4972 pro
1148 4883 1270 4951 honore
1290 4891 1322 4949 et
1341 4880 1481 4949 utilitate
1507 4881 1658 4950 faurltatis

465 5044 543 5052 ...—

279 5145 291 5194 1
311 5138 485 5212 Vollstttndig
500 5139 594 5195 lauten
611 5137 671 5195 ihre
687 5136 806 5193 Numen:
823 5133 928 5206 caspar
944 5133 1063 5206 Weigel,
1079 5131 1216 5189 lohannes
1234 5130 1384 5203 (Murmur)
1401 5129 1438 5185 de
1456 5129 1614 5202 Retispona
