3756 6158
247 487 307 555 38ss
744 487 795 539 Dia
814 483 1032 552 philosophischc
1049 484 1177 542 Faculttt.

287 732 344 798 IV.
367 732 535 800 Statuta
557 737 858 800 concernencia
879 733 1124 821 specialiter
1144 737 1428 823 magistrosin
1449 733 1631 802 consilio

724 833 945 899 facultatis
967 834 1198 899 existentes.

409 1005 435 1064 l.
457 1016 504 1064 Du
526 1016 757 1066 cenassemus
775 1016 1026 1074 MAGISTRORUM
1045 1019 1082 1066 IN
1103 994 1264 1066 contnuo
1286 1018 1511 1076 sncunrffls.

326 1128 453 1211 Placet,
482 1141 518 1196 ut
544 1131 698 1198 honestas
725 1132 839 1198 melius
863 1133 898 1197 in
925 1132 1059 1198 consilio
1087 1132 1250 1198 facultatis
1276 1143 1422 1199 servetur
1449 1156 1489 1199 ac
1516 1155 1607 1199 error
1633 1143 1663 1199 et

204 1235 221 1292 5
247 1229 392 1295 confusio
413 1230 448 1295 in
468 1229 654 1298 inductione
672 1240 821 1297 votorum
841 1230 980 1298 tollatur.
1020 1230 1156 1316 Placuit,
1186 1232 1275 1319 quod
1295 1255 1405 1298 omnes
1424 1234 1575 1320 magistri
1596 1254 1664 1299 con·

245 1327 380 1423 sedeant
401 1329 576 1395 secundum
597 1330 745 1396 ordinem
766 1339 798 1395 et
819 1332 944 1397 senium
971 1331 1022 1396 sui
1042 1332 1223 1418 magisterii
1247 1342 1393 1420 tempore
1419 1331 1618 1399 inductionis
1638 1340 1665 1397 st

250 1427 386 1510 consilii,
409 1431 517 1495 senior
537 1431 647 1518 statim
666 1439 742 1517 post
762 1427 793 1517 [6
800 1426 826 1517 ⁸]
848 1429 1006 1495 decanum
1028 1452 1164 1518 sequens
1184 1434 1218 1496 in
1238 1453 1393 1519 scampno
1409 1429 1473 1497 alio
1493 1429 1665 1496 collaterali

247 1535 280 1591 et
308 1528 356 1592 sic
386 1526 539 1623 deinceps
570 1528 706 1615 quilibet
734 1529 768 1592 in
796 1528 909 1594 ordine
939 1553 996 1595 suo
1028 1531 1097 1596 sine
1124 1532 1446 1619 praeposteraoione,
1476 1529 1539 1615 sub
1568 1551 1665 1616 poens

236 1625 417 1691 'carenciae
438 1630 596 1714 pecuniae
616 1625 858 1693 distribuendae
879 1639 935 1693 aut
955 1630 1033 1712 voti,
1063 1631 1092 1697 si
1113 1626 1251 1717 pecunia
1272 1627 1498 1694 distribuenda
1523 1627 1663 1709 defirerit,

207 1735 308 1812 topro
340 1727 570 1812 magistrorum
605 1727 805 1814 aliorumque
832 1726 1055 1794 consolacione
1089 1726 1355 1793 irremissibiliter
1390 1726 1662 1816 persolvendum¹.

246 1823 388 1906 Possunt
407 1835 526 1909 tamem
549 1827 577 1892 si
598 1826 719 1909 volunt,
738 1827 887 1912 magistri
908 1828 1048 1893 exireat
1066 1815 1190 1897 intrare
1211 1827 1339 1893 stubam
1360 1826 1404 1891 ad
1423 1837 1538 1897 nusum
1550 1848 1664 1908 eorum,

247 1921 305 1992 sed
334 1946 400 1990 non
428 1922 547 1991 debent
573 1925 655 1992 inibi
680 1926 716 1990 in
743 1925 961 1993 contirsionem
988 1935 1020 1992 et
1047 1926 1322 2014 perturbationem
1343 1924 1470 1993 consilii
1490 1927 1609 2014 vagari
1634 1935 1663 1991 et

248 2023 392 2111 spaciari
412 2033 510 2112 atque
532 2025 663 2092 confuse
685 2023 808 2112 absque
830 2023 1019 2112 designato²
1038 2025 1151 2092 ordine
1172 2025 1296 2092 sedere.
1432 2044 1435 2049 ’

350 2195 378 2256 2.
399 2207 446 2255 us
468 2175 615 2256 cauunrs
636 2207 846 2256 mronsums
869 2207 1032 2256 sannone
1053 2161 1260 2256 scrumosus
1282 2206 1572 2256 smmusroaun.

208 2330 240 2388 1⁵
331 2321 468 2405 Placuit,
491 2322 577 2409 qnod
598 2332 673 2389 ante
694 2322 881 2389 electionem
903 2324 1162 2390 examinatorum
1183 2322 1343 2409 eligantur
1365 2332 1504 2408 quatuor
1524 2323 1664 2409 megisti

249 2443 308 2508 per
336 2431 466 2504 sortem,
492 2419 614 2516 decano
637 2430 791 2506 astantes,
820 2423 867 2486 sic
889 2421 976 2509 quod
997 2423 1122 2509 primus
1142 2444 1201 2510 per
1223 2431 1342 2488 sortem
1355 2421 1483 2488 'electus
1505 2443 1581 2489 eum
1601 2420 1664 2489 aliis

248 2519 353 2586 tribus
382 2519 422 2584 de
448 2519 522 2585 aliis
547 2520 732 2588 nationibus
761 2521 911 2609 proxime
941 2520 1148 2607 sequentibus
1170 2529 1279 2587 astant
1298 2519 1428 2587 domino
1448 2519 1576 2588 decano
1596 2531 1664 2587 ten·

249 2641 329 2707 pore
353 2620 574 2707 imposicionis
601 2619 789 2686 cedularum
816 2619 886 2702 (illo
909 2629 1018 2687 tamen
1038 2619 1169 2687 excluso
1191 2615 1358 2706 magistro,
1384 2620 1506 2707 inqua
1527 2618 1665 2687 tratione³

205 2763 206 2767 =
250 2719 452 2785 examinator
473 2718 550 2806 eligi
570 2718 690 2804 debet),
712 2728 749 2784 ut
770 2718 912 2802 videant,
934 2718 1022 2806 quod
1042 2718 1131 2784 nulla
1148 2718 1238 2784 fraus
1261 2720 1296 2785 in
1317 2720 1525 2806 impositione
1546 2717 1664 2785 cedula·

210 2828 326 2887 sorum
349 2819 573 2885 committatur.
614 2817 665 2890 Et,
677 2807 832 2906 magister
854 2817 1028 2884 extrahens
1048 2817 1089 2884 de
1110 2820 1208 2884 mitra
1227 2817 1309 2883 duas
1330 2817 1460 2884 cedulae
1479 2817 1534 2885 vel
1555 2817 1665 2906 plures,

250 2921 388 2985 scienter
407 2917 461 2992 vel
478 2906 555 3002 non,
582 2919 625 2984 sit
645 2916 777 2983 inabilis
800 2917 844 3018 ad
864 2919 1118 2984 examinatorem
1140 2939 1200 3004 pro
1215 2919 1286 2996 ¹ista
1305 2919 1386 3001 vice,
1406 2918 1453 2985 ita
1474 2915 1564 3015 quod
1584 2927 1665 2986 acm

249 3017 303 3083 ille
324 3039 398 3083 cum
418 3017 481 3084 alio
501 3017 554 3083 vel
575 3016 649 3084 aliis
669 3016 804 3083 ulterius
827 3019 1037 3085 continuetur.
1282 3052 1285 3057 ·

639 3187 668 3251 3.
690 3199 737 3248 na
759 3189 1063 3264 ammnroamus
1084 3197 1279 3249 aurosums.

334 3318 416 3383 Item
444 3315 581 3405 placuit,
604 3315 699 3404 'quod
714 3317 966 3401 examinatores
994 3337 1054 3402 per
1076 3325 1196 3381 sortem
1220 3313 1390 3401 eligantur.
1432 3315 1479 3383 1⁴st
1498 3316 1613 3384 modus
1631 3317 1665 3382 sit

211 3419 330 3500 25iste,
360 3414 445 3500 quod
473 3424 636 3503 ponantur
661 3425 710 3480 tot
737 3414 870 3480 cedulae
897 3414 1040 3502 undique
1073 3414 1194 3480 similes
1226 3413 1269 3478 ad
1297 3438 1393 3480 unam
1422 3417 1571 3500 mitram,
1599 3423 1665 3501 quot

254 3526 328 3582 sunt
348 3515 496 3600 magistri
517 3516 611 3579 unius
630 3515 770 3580 nationis
794 3525 991 3601 praesentes,
1019 3535 1154 3600 quarum
1181 3535 1246 3577 una
1272 3516 1414 3579 continet
1436 3505 1665 3581 ‘examinaret

256 3615 446 3702 Quicunque
467 3614 697 3701 magistrorum
715 3635 774 3701 per
796 3623 914 3698 sortem
941 3635 1012 3677 eam
1033 3613 1170 3700 reperit,
1197 3613 1261 3677 erit
1288 3615 1493 3681 examinator
1516 3615 1576 3682 illa
1593 3618 1663 3695 vice,

253 3723 285 3781 et
313 3715 361 3779 sic
389 3734 447 3777 suo
476 3712 572 3778 modo
600 3712 634 3778 in
663 3710 736 3776 aliis
764 3711 868 3778 tribus
895 3710 1081 3778 nationibus
1109 3713 1315 3799 practicetur.
1358 3711 1425 3794 Qui
1450 3724 1590 3801 quaeror
1615 3735 1665 3801 per

253 3823 372 3880 sortem
395 3813 443 3877 sic
464 3810 556 3877 electi
577 3834 641 3876 una
661 3834 736 3876 cum
756 3810 877 3877 decano
898 3809 1167 3876 baccalariandos
1188 3810 1436 3895 examinabunt3
1461 3814 1510 3880 sic
1529 3813 1665 3881 similiter

211 3921 390 3999 loquatuor
417 3933 477 3999 per
503 3920 623 3976 sortem
644 3909 738 3976 ¹electi
760 3933 834 3975 cum
854 3909 1119 3977 vicecancellario
1145 3911 1385 3996 magistrandos
1414 3912 1666 3999 temptabrmtat

254 4008 502 4094 examinabunt,
530 4011 578 4074 ita
599 4008 686 4097 quod
709 4008 795 4075 solus
816 4002 957 4075 decanus
978 4010 1021 4073 sit
1043 4008 1083 4074 de
1104 4010 1244 4074 essentia
1265 4012 1424 4077 examinis
1445 4034 1507 4098 pro
1528 4011 1665 4081 baccala-

254 4112 341 4179 riatu
362 4117 395 4175 et
415 4108 502 4175 solus
521 4107 807 4175 vicecancellarius
827 4131 886 4196 pro
907 4110 1106 4196 magisterio.
1136 4106 1282 4189 Quorum
1303 4119 1353 4177 est
1373 4112 1581 4197 quaestiones
1601 4132 1664 4177 exa·

255 4207 417 4276 minandis
440 4209 616 4295 assignare.
656 4207 822 4274 Tenentur
844 4218 952 4274 tamen
970 4208 1185 4294 magistrandi
1211 4231 1313 4297 aeque
1338 4208 1423 4276 bene
1438 4218 1526 4277 'cum
1554 4209 1665 4278 darno

254 4320 340 4375 stare
362 4309 396 4373 in
416 4309 518 4372 veteri
539 4317 617 4373 arte.

273 4601 277 4608 ·
339 4578 351 4628 l
371 4571 454 4628 Fehlt
472 4573 578 4628 etwas?
611 4571 644 4626 In
660 4571 709 4627 der
726 4574 853 4642 spitercn
870 4569 1027 4627 deaction
1041 4587 1096 4626 von
1115 4575 1179 4628 1499
1197 4569 1260 4625 sind
1279 4569 1324 4626 die
1341 4571 1441 4628 Warte
1457 4590 1518 4644 pro
1533 4575 1665 4645 mistre-

253 4677 314 4713 rum
333 4655 377 4712 bis
391 4657 605 4727 persolvendam
621 4672 693 4728 ganz
711 4654 894 4728 suegelassen.
924 4653 1043 4711 Danacb
1060 4654 1151 4709 atreo
1169 4655 1208 4710 sie
1224 4654 1364 4711 vielleicht
1379 4655 1587 4715 Ucberbleibsel
1600 4657 1664 4714 eine

254 4742 291 4795 im
304 4739 446 4795 Entwurfe
466 4739 565 4796 wieder
582 4738 717 4813 getilgten
727 4737 905 4810 Vorschlags,
922 4738 967 4793 die
983 4738 1032 4793 der
1042 4737 1227 4794 Abschreiber
1242 4736 1388 4794 fdlscblich
1404 4736 1433 4794 in
1450 4740 1496 4798 die
1507 4737 1663 4799 Reinschfist

254 4822 454 4962 magnam
472 4904 560 4961 sicher
576 4906 613 4960 ist
628 4906 673 4961 die
688 4906 802 4977 Lem
818 4905 867 4962 des
883 4906 996 4963 Wortes
1013 4905 1097 4962 nicht

341 4995 356 5045 3
374 4989 566 5061 ngeschickt
582 4989 768 5061 ausgedriickt
786 4987 832 5043 fiir
848 4992 957 5046 sactum
974 4999 1061 5046 taram
1076 4992 1208 5070 magicus
1225 4992 1303 5046 illatis
1318 4993 1454 5064 morus,
1472 4997 1504 5050 is
1519 5013 1580 5065 qua
