3810 6150
264 451 325 516 276
842 452 897 502 Des
913 451 1118 516 Franencolleg.

345 619 400 698 23.ι
425 630 506 695 Item
535 630 670 717 singulis
698 630 930 696 mutationibus
952 630 1070 696 debent
1091 631 1241 716 magistri
1263 628 1420 716 deputare
1441 628 1521 694 duos
1542 627 1696 716 collegia·

262 738 313 794 tos
335 737 367 794 et
385 750 493 812 unum,
521 731 576 815 qui
604 752 676 795 cum
697 739 893 794 convectore
914 728 1013 795 semel
1039 731 1170 795 visitent
1196 728 1368 793 commoda
1394 729 1427 791 in
1455 727 1558 793 bursa
1578 738 1610 793 et
1631 725 1696 792 col·

261 826 347 914 legio
370 837 402 893 et
423 828 556 893 videant
579 829 619 894 de
640 829 809 893 honestate
830 839 862 893 et
883 830 1129 894 conservatione
1160 826 1412 910 commodorum,
1442 835 1476 891 et
1500 827 1696 913 praesertim

262 928 368 992 socios
394 927 560 1010 inducant,
587 939 623 992 ut
643 949 762 1014 aquam
782 930 816 991 in
838 929 974 992 cameris
996 926 1145 992 habeant
1187 926 1231 991 Et
1253 925 1294 990 ad
1316 924 1378 990 hoc
1399 924 1585 989 faciendum
1607 934 1697 990 tene·

219 1032 236 1086 ι
261 1033 313 1089 tur
334 1036 509 1091 conventor
525 1026 710 1113 praedictos
732 1026 904 1112 deputatos
926 1048 986 1112 per
1007 1024 1164 1091 famulum
1188 1047 1281 1090 suum
1304 1023 1485 1106 solicitare3
1511 1033 1544 1088 et
1567 1024 1595 1088 ei
1610 1043 1696 1112 quae

260 1122 453 1189 insolentiae
477 1124 592 1190 fierent
616 1147 676 1211 per
708 1126 812 1190 socios
837 1125 872 1189 in
898 1123 1008 1205 bursa,
1039 1123 1199 1211 praedicti
1226 1123 1289 1188 duo
1323 1122 1473 1207 magistri
1502 1123 1591 1186 circa
1620 1142 1696 1191 con·

260 1230 437 1306 ventorem,
460 1225 488 1288 si
508 1225 660 1311 poterint,
682 1240 695 1286 1
716 1221 758 1287 de
779 1222 916 1287 emenda
935 1221 1145 1310 provideant,
1168 1222 1249 1287 alias
1271 1231 1456 1308 proponant
1476 1221 1623 1308 collegio.
1650 1218 1697 1285 Et

261 1341 327 1384 nou
350 1319 469 1386 debent
487 1323 638 1408 magistri
659 1320 714 1385 alii
735 1330 963 1386 conventorem
985 1332 1042 1387 aut
1061 1323 1165 1409 ipsius
1187 1320 1328 1407 aliquem
1348 1315 1435 1407 [30⁸]
1458 1318 1698 1397 comburendam

261 1417 448 1485 inclamare.
493 1420 583 1486 Idem
614 1420 712 1487 etiem
742 1418 806 1485 duo
833 1419 980 1507 deputati
1011 1430 1160 1486 tenentur
1191 1419 1337 1484 defectus
1366 1417 1587 1485 aedificiorum
1606 1416 1698 1482 ,binc

222 1516 340 1583 toinde
361 1517 396 1582 in
416 1516 553 1605 collegio
575 1528 606 1582 et
632 1517 733 1584 bursa
759 1521 923 1605 respicere
953 1529 986 1584 et
1013 1520 1191 1585 reformare
1220 1516 1260 1581 de
1286 1517 1432 1604 pecuniis
1459 1515 1532 1581 fisci
1557 1514 1697 1601 collegii,

262 1618 291 1682 si
321 1618 442 1703 potnit3
477 1616 559 1682 alias
592 1619 739 1704 recipere
767 1615 864 1683 debet
896 1619 1119 1706 praepositum
1147 1617 1190 1683 ad
1218 1615 1402 1680 faciendam
1429 1615 1698 1703 convocationem

263 1737 362 1803 super
385 1716 586 1802 praemissis.
1670 1739 1673 1745 ·

347 1818 396 1881 29.
424 1814 508 1880 Item
528 1812 636 1883 nullus
664 1812 854 1899 collegiatus
881 1814 916 1878 in
944 1813 1232 1881 convocationibus
1252 1813 1306 1878 vel
1335 1835 1449 1879 mensa
1476 1811 1606 1901 collegii
1634 1812 1701 1877 cri-

263 1934 348 1997 men,
368 1914 483 1979 vitium
496 1912 549 1979 vel
571 1913 654 1978 iram
675 1911 796 1977 realem
818 1913 972 1978 iniuriose
995 1912 1089 1978 alteri
1108 1922 1270 2000 proponat
1290 1914 1397 2000 potins
1419 1934 1517 1999 quam
1538 1913 1698 1997 imponat,

221 2011 323 2078 ttsub
346 2034 466 2099 poena,
498 2010 594 2100 quod,
624 2012 652 2076 si
681 2011 767 2075 infra
796 2018 863 2076 tres
893 2009 963 2075 dies
993 2034 1057 2077 non
1084 2011 1260 2077 obtinuerit
1285 2015 1354 2078 eius
1381 2010 1590 2091 voluntatem,
1618 2018 1699 2074 tnnc

259 2111 335 2176 talis
360 2119 487 2175 tenetur
509 2119 597 2175 stare
626 2109 795 2176 dictamini
822 2110 956 2174 maioris
986 2111 1089 2198 partis
1112 2109 1239 2195 collegii
1269 2133 1332 2197 quo
1358 2110 1401 2176 ad
1430 2104 1698 2175 satisfaciendum

262 2209 351 2298 parti
371 2209 524 2291 offensae,
554 2207 614 2274 sub
641 2230 749 2298 poena
770 2211 933 2274 carentiae
957 2210 1006 2274 sui
1035 2206 1157 2290 salarii,
1185 2207 1290 2273 donec
1310 2208 1369 2274 tali
1391 2208 1559 2273 dictamini
1578 2220 1698 2294 parue

258 2309 310 2373 rit.
351 2305 387 2372 Si
409 2328 488 2372 vcro
518 2305 641 2393 aliquid
668 2306 782 2372 talium
807 2307 922 2374 fecerit
948 2317 1043 2373 extra
1070 2328 1217 2372 mensam
1247 2329 1304 2372 seu
1333 2307 1611 2388 convocationem,
1639 2326 1698 2369 ex·

259 2416 337 2471 tunc
365 2426 445 2492 pars
473 2403 562 2470 laesa
582 2413 710 2470 tenetur
733 2407 890 2471 offensam
911 2407 1017 2493 primo
1039 2427 1223 2493 proponere
1245 2404 1381 2490 collegio
1404 2416 1436 2471 et
1457 2427 1578 2494 capere
1603 2403 1697 2471 insti·

217 2506 355 2588 sociam,
378 2505 406 2569 si
427 2501 490 2567 eibi
509 2504 631 2590 poterit
650 2506 775 2586 venire,
798 2503 858 2570 sub
880 2526 985 2591 poene
1005 2506 1104 2570 trium
1125 2504 1333 2570 florenorum.

343 2608 393 2670 30
415 2601 505 2685 Item,
528 2603 556 2666 ei
577 2603 725 2690 magistri
747 2602 843 2669 simul
862 2603 1056 2669 conferendo
1068 2603 1121 2670 vel
1142 2601 1215 2668 aliis
1238 2602 1279 2668 de
1300 2605 1408 2669 causis
1430 2602 1465 2668 in
1485 2598 1695 2689 menea[30¹’]

259 2711 293 2768 et
324 2701 555 2768 convocatione
580 2701 731 2768 verbales
763 2701 921 2768 haberent
951 2701 1178 2768 altercationes
1212 2710 1244 2767 et
1276 2703 1513 2787 contentiones,
1546 2725 1588 2768 ne
1617 2700 1697 2769 inde

258 2801 363 2866 maius
383 2799 503 2866 malum
525 2802 657 2885 oriatur,
676 2800 773 2866 debet
795 2801 1012 2888 praepositus,
1033 2801 1061 2864 si
1082 2821 1238 2887 praesens
1259 2801 1366 2884 fuerit,
1388 2801 1438 2865 vel
1460 2803 1568 2867 senior
1590 2801 1695 2887 magi·

259 2909 325 2965 ster
350 2920 505 2987 praesens
526 2901 671 2966 existens
700 2898 830 2965 eosdem
857 2901 1034 2985 magistros
1061 2900 1233 2965 caritative
1263 2900 1329 2987 piis
1351 2899 1462 2966 verbis
1493 2898 1620 2966 bortsri
1641 2898 1695 2965 bie

216 2999 312 3066 uvel
338 3008 398 3083 ter,
426 3008 461 3065 ut
483 3008 610 3066 cessent
637 3022 658 3065 a
683 2997 821 3081 talibus3
851 2999 880 3063 si
909 3020 975 3064 non
997 2999 1209 3082 cessaverint,
1237 3000 1385 3086 imponat
1410 3000 1619 3086 praepositus
1647 2997 1695 3063 eie

259 3097 420 3165 silentium
446 3120 506 3185 per
533 3097 739 3180 mandatum,
772 3097 881 3162 senior
910 3118 988 3161 vero
1017 3099 1174 3183 magister
1201 3120 1261 3185 per
1286 3098 1391 3165 verba
1417 3100 1524 3184 magis
1553 3097 1692 3180 sericea,

257 3207 337 3285 puta
352 3187 514 3263 ‘nolumus
534 3196 597 3270 lroc
620 3187 750 3263 habere‘
773 3195 825 3260 vel
850 3193 1040 3264 consimilia.
1078 3197 1173 3277 Quae
1194 3198 1221 3262 si
1244 3220 1309 3265 uon
1333 3198 1535 3279 curaverint,
1565 3195 1695 3265 solvent

257 3318 408 3384 poenam,
436 3317 520 3384 quac
541 3317 601 3380 per
621 3295 793 3382 collegium
815 3303 871 3359 aut
892 3295 1048 3359 maiorem
1069 3305 1197 3381 partem
1222 3297 1332 3360 statim
1355 3317 1393 3360 eo
1416 3294 1468 3360 die
1490 3296 1572 3382 ipsis
1595 3295 1696 3367 liserit

257 3395 388 3477 dictata,
409 3393 588 3481 subpoena
606 3395 772 3471 carentiae
795 3415 873 3459 suae
894 3394 1065 3480 portionis,
1086 3403 1123 3459 ut
1145 3416 1254 3480 supra,
1273 3391 1377 3459 donec
1399 3393 1568 3481 praedicto
1592 3394 1695 3464 dicta-

215 3495 338 3562 nomini
358 3503 513 3582 pareatur
535 3515 607 3558 cum
629 3495 755 3564 effectu.
791 3491 827 3557 Si
849 3515 928 3558 vcro
950 3493 1156 3578 praepositus
1178 3492 1213 3556 in
1233 3503 1328 3580 parte
1351 3493 1539 3581 praedictae
1560 3503 1695 3560 conten·

256 3595 356 3661 tionis
377 3592 483 3676 fiierit,
511 3593 658 3678 imponat
684 3593 714 3656 ei
736 3590 898 3657 silentium
928 3591 1035 3656 senior
1056 3591 1212 3677 magister
1234 3615 1389 3678 praesens
1410 3593 1506 3659 modo
1529 3601 1562 3658 et
1582 3614 1693 3681 poena

263 3691 455 3780 praemissa.

340 3795 389 3857 31.
403 3787 463 3876 [Bl.
472 3786 539 3876 31⁸]
553 3789 647 3873 Item,
659 3790 686 3854 si
698 3788 815 3876 aliquis
827 3787 984 3854 scholaris
996 3786 1126 3874 publice
1135 3791 1309 3855 contendat
1320 3793 1355 3855 in
1367 3813 1480 3857 mensa
1491 3814 1561 3874 sua,
1578 3798 1691 3856 careat

258 3889 407 3978 portione
428 3886 471 3953 ad
498 3889 679 3975 praepositi
700 3887 886 3970 arbitrium3
912 3887 1009 3969 idem,
1040 3890 1067 3952 ei
1094 3886 1262 3974 negligens
1291 3890 1388 3954 scierit
1415 3889 1459 3955 ad
1490 3888 1698 3979 perficienda

220 3997 367 4055 3tonera
387 3987 495 4073 ipsum
518 3987 752 4052 concernentia

340 4090 391 4154 32.
420 4084 505 4152 Item
527 4086 710 4171 quicunque
736 4084 962 4167 baculaureus,
990 4083 1125 4149 studens
1148 4084 1199 4151 vel
1229 4086 1434 4152 familiaris
1424 4110 1459 4150 ιιι
1480 4087 1619 4176 collegio
1642 4086 1696 4154 vel

258 4184 390 4252 bursa
381 4184 536 4249 rniurioee
561 4185 759 4270 percusserit
781 4183 922 4270 aliquem
943 4183 1146 4269 magistrum,
1167 4186 1249 4250 citra
1271 4185 1451 4268 emendam,
1474 4208 1572 4274 quam
1595 4173 1695 4253 debet

259 4285 348 4373 parti
379 4281 503 4366 laesae,
535 4303 556 4346 a
583 4282 720 4368 collegio
749 4282 951 4365 excludatur,
984 4281 1087 4348 donec
1117 4284 1285 4348 emendam
1314 4286 1429 4350 fecerit
1459 4295 1527 4351 tam
1556 4285 1694 4373 collegio

260 4404 358 4473 quam
386 4383 473 4469 perti
498 4379 617 4464 laesae,
646 4391 702 4447 aut
729 4379 784 4446 det
812 4404 872 4468 pro
900 4389 1063 4446 structura
1091 4387 1110 4449 3
1132 4381 1253 4449 floreno
1263 4410 1282 4449 ι.
1328 4383 1364 4449 Si
1391 4407 1468 4450 vero
1497 4387 1622 4452 crimen
1641 4383 1695 4453 vel

216 4481 440 4549 &convitium
461 4481 618 4566 magistro
648 4481 843 4569 imposuerit
872 4481 1038 4562 iniuriose,
1071 4481 1157 4547 infra
1188 4490 1255 4547 tres
1288 4481 1358 4549 diez
1389 4485 1572 4551 satisfaciat
1601 4486 1696 4555 quta

259 4580 424 4646 dictamen
442 4580 690 4667 magistrorum3
712 4579 794 4645 aliae
814 4578 856 4645 de
874 4579 1009 4665 collegio
1028 4588 1061 4645 et
1076 4578 1178 4646 bursa
1195 4581 1378 4668 expellatur
1399 4593 1455 4649 aut
1475 4584 1583 4652 solvat
1595 4606 1696 4651 unum

258 4679 420 4747 florenum
440 4701 501 4765 pro
522 4700 629 4768 poena
651 4687 685 4744 et
708 4689 871 4745 structura
894 4678 1027 4766 collegii.

340 4780 389 4853 33.
419 4777 512 4862 Item,
541 4777 799 4866 quandocunque
829 4778 967 4844 moritur
995 4774 1112 4870 aliquis
1139 4778 1331 4866 collegiatus
1351 4778 1480 4868 collegii
1500 4782 1695 4869 praeeunde,

256 4885 334 4943 tunc
354 4874 411 4944 alii
432 4866 595 4991 collegiati
624 4876 769 4944 eiusdem
799 4876 926 4963 collegii
951 4874 1161 4965 praesbyteri
1185 4868 1336 4945 tenentur
1359 4876 1438 4968 [31¹²]
1461 4880 1571 4968 legere
1600 4879 1695 4969 quili-

216 4974 315 5043 ube
335 4983 403 5043 tres
421 4976 539 5044 missas
560 4998 623 5066 pro
645 4976 823 5058 defunctie3
850 4975 907 5041 alii
928 4984 1037 5044 eutem
1059 4976 1227 5064 collegiati
1246 5001 1310 5044 non
1332 4979 1540 5067 praesbyteri
1559 4979 1697 5067 quilibet

256 5084 325 5142 tres
339 5073 470 5160 vigilius
490 5075 532 5143 de
553 5081 572 5141 9
595 5074 788 5142 lectionibus
809 5025 916 5141 dicere
937 5084 1087 5143 tenentur
1110 5077 1195 5142 infra
1216 5099 1359 5146 mensem
1379 5079 1524 5147 eiusdem
1540 5079 1695 5161 defuncti
