3756 6158
247 465 307 528 240
824 465 879 515 Dee
896 465 984 516 kleine
1003 465 1105 529 colleg.

251 666 319 707 sam
341 664 406 707 non
427 642 549 708 habens
572 666 633 731 pro
656 645 799 732 qualibet
826 649 1008 734 septimana
1029 669 1128 711 unum
1149 669 1299 732 grossum
1322 645 1535 713 effectualiter
1556 645 1673 733 persol-

247 764 323 806 vere
343 741 513 807 tenebitur.

334 845 381 907 13.
403 841 483 905 Item
498 854 673 909 conventos
688 856 813 910 tenetur
834 856 866 909 et
887 843 984 909 debet
1006 845 1142 930 singulis
1163 845 1395 912 mutationibus
1417 867 1544 933 poenas
1565 857 1674 912 contra

249 939 451 1027 praedictum
473 953 630 1008 statutum
652 943 877 1009 excedentium
900 943 1052 1030 colligere
1080 967 1119 1009 ac
1140 966 1290 1012 emouere
1315 944 1367 1010 vel
1396 968 1456 1032 per
1487 944 1674 1012 collectores

213 1051 228 1103 5
256 1039 299 1104 ad
329 1038 391 1104 hoc
423 1038 594 1126 deputatos
626 1045 734 1111 fecere
765 1043 874 1129 colligi
902 1066 942 1108 ac
973 1044 1133 1126 emoneri,
1173 1054 1205 1108 et
1236 1044 1317 1111 duas
1348 1055 1459 1132 partes
1490 1045 1673 1111 huiusmodi

252 1162 429 1227 poenarum
459 1163 519 1226 pro
542 1142 657 1207 solatio
680 1154 712 1206 et
737 1145 911 1208 refectione
933 1144 1184 1228 suppositorum,
1212 1146 1245 1209 in
1267 1144 1328 1209 hoo
1350 1143 1487 1230 collegio
1508 1147 1583 1210 iura
1604 1143 1675 1210 bur·

250 1238 366 1305 salium
387 1238 584 1322 facientium,
596 1241 735 1307 fideliter
754 1264 900 1329 erogare,
923 1242 982 1307 sed
1002 1243 1129 1308 tertiam
1151 1253 1276 1329 partem
1299 1232 1474 1308 earundem
1495 1264 1675 1331 poenarum

251 1364 310 1428 pro
333 1349 496 1404 structura
519 1351 550 1404 et
568 1340 759 1407 utensilibus
779 1343 935 1428 coquinae
957 1340 1203 1428 expendendam
1225 1345 1413 1431 praeposito
1434 1343 1567 1431 collegii
1586 1346 1676 1410 iuxta

247 1441 415 1526 antiquam
436 1439 698 1505 consuetudinem
720 1451 941 1528 praesentare.

210 1803 240 1858 10
332 1795 390 1853 Die
410 1796 575 1872 folgenden
605 1794 706 1853 beiden
733 1797 956 1872 Peragrapbea
983 1797 1053 1855 sind
1077 1815 1134 1889 oea
1162 1798 1293 1855 eadmer
1318 1797 1416 1885 Hand
1442 1798 1673 1874 aaebqetregen,

247 1898 319 1955 obas
340 1894 514 1970 Beisiiyuag
535 1893 618 1951 einer
638 1895 838 1965 marazam,-
867 1896 940 1954 docb
961 1897 1014 1955 bat
1034 1896 1083 1954 Bl.
1105 1897 1145 1958 26
1165 1895 1290 1954 dissolbe
1307 1896 1405 1956 Hand
1424 1896 1605 1956 Bearbldsee
1624 1898 1672 1955 dea

244 1996 357 2053 Jabres
381 1994 459 2057 1537
481 1993 679 2070 eiaqetraqea.

333 2148 380 2208 14.
409 2134 470 2226 [Bl.
493 2135 562 2225 17²]
590 2139 673 2204 Item
704 2139 826 2226 placet,
858 2140 945 2226 quod
971 2140 1077 2206 nullus
1105 2141 1369 2208 scholasticorum
1395 2144 1431 2207 in
1459 2141 1598 2230 collegio
1623 2142 1669 2207 vel

248 2244 340 2307 iuxta
359 2237 528 2324 collegium
556 2237 735 2303 scurriliter
762 2239 907 2322 incedat,
935 2249 1013 2326 puta
1034 2242 1067 2305 in
1093 2239 1238 2328 diploide
1260 2251 1292 2306 et
1311 2240 1481 2307 tibialibus
1502 2241 1668 2322 duntaxat,

208 2343 318 2406 lisine
342 2338 503 2420 tunicella,
531 2343 564 2402 in
586 2337 727 2403 dedecus
749 2338 877 2424 collegii
905 2348 937 2403 et
958 2338 1146 2405 scandalum
1167 2342 1332 2426 virginum
1353 2350 1385 2404 et
1407 2340 1582 2406 mulierum
1600 2363 1666 2406 uec·

247 2464 312 2505 uon
331 2449 509 2529 ceterorum
532 2437 739 2503 honestorum
760 2436 924 2504 hominum
946 2440 1134 2505 intrantium
1155 2450 1187 2504 et
1209 2441 1394 2505 exeuntium
1410 2439 1593 2526 collegium,
1612 2438 1665 2505 sub

247 2562 352 2627 poena
373 2539 514 2626 quinque
535 2558 730 2621 grossorum.
1623 2562 1628 2571 ·

332 2645 379 2704 15.
410 2638 490 2702 Item
519 2635 640 2722 placet,
670 2635 756 2723 quod
776 2636 883 2702 nullus
904 2636 1168 2703 scholasticorum
1190 2639 1276 2703 intra
1296 2635 1348 2702 vel
1376 2661 1481 2726 prope
1503 2637 1663 2725 collegium

250 2747 401 2804 exerceat
423 2758 630 2824 quoscunque
657 2734 752 2800 ludos
774 2735 961 2822 prophanos
983 2749 1039 2802 aut
1061 2737 1227 2802 discursus
1249 2736 1457 2802 immodestos
1480 2759 1540 2802 seu
1558 2736 1664 2802 boans

207 2839 325 2904 20edat
346 2837 542 2917 horrisonos,
564 2834 782 2900 studiosorum
803 2832 1048 2900 interturbando
1069 2838 1209 2921 negotia,
1230 2838 1264 2900 in
1284 2837 1335 2900 sui
1355 2845 1453 2923 atque
1467 2837 1568 2901 tetius
1588 2854 1663 2901 com·

248 2939 412 3003 munitatis
426 2932 639 3021 dispendium,
664 2932 723 2998 sub
745 2957 852 3020 poena
873 2944 996 3020 septem
1017 2957 1214 3020 grossorum,
1237 2933 1372 3021 collegio
1394 2934 1662 3015 irremissibiliter,

247 3039 501 3125 quotiescunque
523 3032 664 3119 aliquem
678 3032 835 3097 excedere
856 3033 1037 3119 contigerit,
1059 3034 1356 3120 persolvendorum,
1376 3044 1413 3099 ut
1428 3035 1477 3099 sie
1490 3056 1560 3122 pax
1575 3043 1662 3119 atque

249 3139 429 3202 animorum
457 3131 684 3220 tranquillitas,
712 3131 829 3219 quibus
855 3134 996 3197 maxime
1020 3132 1178 3199 bonarum
1207 3135 1325 3199 artium
1353 3132 1568 3200 sectatoribus
1589 3155 1661 3220 opus

246 3248 304 3317 est,
325 3234 422 3320 longe
442 3232 572 3319 lateque
594 3240 801 3318 propagetur.

204 3615 237 3671 25
332 3607 388 3665 Die
408 3604 566 3666 Rticlcseite
588 3607 650 3663 aad
670 3605 718 3663 Bt.
743 3604 862 3667 18-20
891 3603 958 3660 incl.
988 3602 1058 3660 eiad
1085 3604 1147 3661 leer
1165 3604 1319 3679 pebliebea.
1361 3604 1457 3663 Dana
1485 3605 1603 3682 beginat
1622 3604 1660 3663 die

247 3708 338 3766 drittc
359 3705 534 3781 Abtbeilaaq
542 3702 559 3776 ¹,
579 3702 736 3762 wiedcrum
757 3722 814 3760 oea
834 3702 902 3760 Job.
923 3700 1021 3759 Fabri
1042 3703 1129 3761 selbst
1151 3708 1348 3780 ungafaapea.
1437 3757 1439 3761 .

253 3865 449 3956 1.[131.21·]
487 3884 588 3932 cerm
616 3864 852 3930 mareoticum
881 3881 1205 3930 ascouommrrours
1231 3881 1395 3931 usessrsr
1416 3882 1524 3932 surm
1542 3883 1657 3932 rmsss

525 3983 598 4031 cun
619 3981 801 4030 sinemurus
824 3982 1053 4031 conusenurs
1075 3981 1178 4029 surus
1201 3981 1373 4032 connseu.

331 4101 369 4167 In
389 4102 518 4166 nomine
539 4098 660 4163 domini
675 4097 787 4163 Amen.
811 4097 942 4163 Annos
965 4099 1136 4163 nativitate
1157 4096 1300 4162 eiusdem
1322 4095 1495 4163 millesime
1516 4097 1656 4186 quadrin-

207 4214 241 4270 30
251 4203 428 4290 gentesimo
441 4198 689 4286 quadragesimo
701 4199 812 4284 quinto
827 4195 880 4261 die
892 4197 979 4262 lovis
995 4197 1103 4283 prima
1114 4199 1233 4261 mensis
1244 4195 1369 4284 Aprilis
1379 4199 1475 4278 (1445
1484 4204 1514 4263 d
1525 4201 1657 4280 tilpnl),

247 4302 423 4368 indictione
445 4309 570 4380 octava,
591 4297 671 4362 hora
692 4318 901 4383 vesperorum
922 4294 974 4360 vel
996 4297 1098 4383 quasi,
1120 4297 1154 4360 in
1175 4295 1345 4361 reverendi
1365 4295 1545 4377 inObristo
1567 4299 1657 4386 patris

247 4410 279 4467 et
301 4400 432 4481 domini,
456 4396 750 4479 dominiIohennis,
773 4396 919 4483 episcopi
929 4394 1219 4482 Merseburgensis,
1242 4418 1281 4461 ac
1301 4397 1375 4478 mei,
1395 4397 1517 4462 notarii
1538 4395 1656 4489 publici,

247 4502 440 4586 testiumque
459 4497 739 4583 infrascriptorum
762 4497 947 4582 praesentia
968 4495 1182 4582 personaliter
1201 4496 1365 4560 constituti
1382 4494 1591 4563 honorabiles
1604 4495 1656 4561 viri

247 4613 279 4666 et
304 4598 454 4685 magistri
480 4596 654 4661 Heinricus
684 4593 859 4660 Steinbach
886 4617 925 4658 ac
946 4593 1120 4659 Heinricus
1141 4593 1323 4660 Hilterman
1348 4596 1481 4661 nomine
1500 4595 1654 4662 venerabi

205 4712 238 4766 35
247 4700 326 4765 lium
356 4699 501 4765 virorum
534 4694 735 4761 dominorum
768 4696 998 4780 magistrorum
1031 4702 1063 4757 ct
1094 4692 1335 4778 collegiatorum
1369 4693 1502 4781 collegii
1532 4694 1653 4761 minoris

246 4798 466 4863 universitatis
494 4794 594 4859 studii
615 4794 799 4882 Liptaensis
826 4802 919 4880 parte
950 4816 991 4858 ex
1017 4815 1083 4857 una
1105 4804 1136 4858 et
1157 4792 1272 4857 Petrus
1290 4791 1412 4861 Pirner
1431 4797 1563 4862 nomine
1589 4815 1652 4883 pro·

250 5120 256 5146 ,
321 5067 333 5117 1
352 5062 391 5117 Es
409 5059 502 5115 schien
520 5059 572 5113 mir
589 5059 640 5113 das
659 5058 832 5126 Passendste,
855 5057 930 5113 diese
948 5057 1032 5112 dritte
1048 5056 1223 5128 Abtheilung
1244 5055 1323 5112 nicht
1343 5074 1378 5112 au
1399 5057 1580 5128 amstiiekolu,
1600 5071 1649 5111 son·

242 5148 310 5206 dem
326 5144 495 5216 vollstiudig
511 5143 554 5199 ius
572 5140 775 5201 Statutenbuch
793 5141 1002 5198 aufzunebmen.
