3756 6158
248 475 308 541 584
780 474 830 525 Die
844 472 995 539 jnristiscbe
1007 473 1137 543 Ιΐιοιιίιϊιί.Δ

249 657 277 720 si
300 657 392 744 prius
414 665 445 720 et
468 655 515 720 sic
537 664 610 720 ante
636 679 706 721 eum
727 657 846 722 fuerint
865 656 1029 722 licentiati.
1074 653 1183 721 Debet
1213 662 1321 719 tamen
1348 655 1538 720 licenciatus
1565 655 1666 720 iunior

250 756 409 820 seniorem
435 757 611 840 requirere,
641 757 667 820 si
696 778 851 844 praesens
877 758 990 840 fuerit,
1020 779 1062 822 an
1090 755 1174 820 infra
1202 754 1281 820 duos
1309 778 1436 821 menses
1465 767 1542 843 post
1567 755 1666 842 ipsius

249 855 489 938 requisitionem
519 855 662 940 insignia
684 857 835 944 'recipere
863 856 1014 939 voluerit,
1043 864 1075 920 et
1103 857 1131 921 si
1158 856 1321 939 annuerit,
1350 857 1456 921 iunior
1484 852 1666 942 expectabit

248 951 395 1035 eundem,
417 953 499 1018 alias
523 954 564 1018 ad
586 956 727 1041 insignia
747 955 944 1043 recipienda,
967 957 995 1020 si
1017 955 1112 1021 abilis
1132 956 1239 1037 fuerit,
1260 955 1438 1043 procedere
1458 953 1589 1041 poterit

204 1060 220 1115 5
333 1071 440 1117 xxxv.
469 1052 549 1117 Item
572 1053 615 1117 ad
636 1053 793 1119 tollendas
814 1054 1030 1120 dissensiones
1052 1056 1086 1120 in
1106 1055 1247 1120 futurum
1269 1077 1366 1142 super
1379 1054 1544 1144 locatione
1564 1051 1665 1117 docto-

247 1173 320 1214 rum
342 1152 376 1215 in
402 1151 556 1217 facultate
578 1152 717 1218 iuridica
744 1153 880 1242 placuit,
908 1153 995 1242 quod
1014 1153 1069 1219 ille
1098 1155 1188 1242 prior
1217 1155 1258 1219 sit
1283 1155 1317 1218 in
1342 1153 1425 1235 loco,
1454 1154 1512 1240 qui
1540 1152 1666 1239 priusa

246 1250 400 1315 facultate
425 1250 468 1315 ad
489 1250 593 1316 locum
615 1261 766 1338 receptus
788 1263 836 1317 est
857 1252 979 1341 absque
1002 1253 1217 1336 distinctione,
1241 1253 1364 1316 sivein
1383 1251 1487 1316 altero
1511 1248 1576 1338 [17]
1597 1260 1665 1314 tan·

247 1359 315 1418 tum
336 1351 405 1414 sive
429 1352 462 1415 in
483 1360 618 1439 utroque
639 1353 710 1416 iure
732 1361 898 1438 promotus
919 1353 1024 1417 fuerit.
1054 1352 1178 1417 Doctor
1201 1352 1286 1416 enim
1308 1351 1451 1415 existens
1471 1349 1513 1414 de
1535 1348 1664 1434 collegio

249 1449 407 1514 iuridicae
434 1449 597 1515 facultatis
624 1451 808 1515 indistincte
837 1451 933 1516 debet
960 1449 1156 1538 praecedere
1180 1449 1262 1515 alios
1284 1448 1433 1515 doctores
1456 1458 1553 1513 extra
1575 1446 1664 1513 colle·

207 1550 336 1635 10gium
359 1549 545 1614 existentes.

328 1683 450 1730 xxxva
494 1663 581 1745 Quia
609 1664 780 1730 multitudo
809 1664 986 1730 canonibus
1013 1675 1062 1730 est
1083 1667 1216 1731 inimica
1243 1687 1286 1731 ex
1312 1686 1362 1748 eo,
1389 1663 1478 1752 quod
1509 1662 1665 1729 confimo·

245 1786 319 1828 nem
340 1763 474 1846 inducit,
496 1763 637 1851 ideoque
659 1763 795 1851 placuit,
818 1763 904 1851 quod
926 1763 966 1829 de
988 1775 1094 1830 cetero
1116 1767 1202 1831 etin
1223 1766 1364 1830 futurum
1386 1763 1489 1829 solum
1513 1768 1580 1828 sint
1600 1772 1665 1828 octo

246 1863 393 1929 doctores
416 1862 457 1928 de
478 1863 613 1928 consilio
634 1862 797 1928 facultatis
817 1863 985 1946 iuridicae,
1013 1874 1044 1929 et
1065 1863 1130 1929 illis
1157 1863 1382 1952 praesentibus
1403 1861 1512 1927 nullus
1535 1862 1665 1928 aliorum

249 1961 415 2027 doctorum
444 1960 487 2026 ad
516 1962 684 2027 consilium
712 1964 779 2026 iam
801 1961 906 2027 dictae
933 1962 1095 2029 facultatis
1124 1973 1317 2046 assumatur,
1345 1961 1436 2027 salvo
1464 1971 1576 2026 tamen
1602 1962 1667 2026 iure

206 2071 237 2127 15
248 2060 414 2126 doctorum
436 2084 497 2148 pro
517 2082 603 2126 nunc
625 2063 659 2126 in
681 2060 814 2126 consilio
835 2060 998 2127 facultatis
1020 2062 1232 2128 existencium
1255 2072 1286 2127 et
1307 2063 1340 2127 in
1360 2062 1504 2126 futurum
1524 2060 1579 2127 hic
1599 2082 1667 2149 pro

246 2159 488 2226 movendorum.

304 2344 462 2392 STATU'I'A
483 2343 712 2393 mcancm‘ros
735 2345 780 2392 ΕΤ
802 2344 988 2394 Docroaas
1010 2345 1103 2392 ALIBI
1124 2343 1311 2393 Paonoros
1333 2343 1612 2393 conculcantem.

328 2494 462 2542 xxxvn.
503 2476 615 2542 Primo
639 2476 760 2565 placet,
790 2476 876 2563 quod
902 2477 1091 2542 licenciatus
1113 2487 1170 2542 aut
1189 2476 1301 2542 doctor
1327 2476 1407 2541 alibi
1429 2487 1598 2563 promotus
1619 2475 1669 2541 bic

248 2599 312 2643 non
333 2586 517 2641 assumatur
537 2598 643 2664 neque
665 2577 852 2664 recipiatur,
873 2577 937 2641 nisi
958 2577 1048 2663 prius
1071 2577 1167 2651 fuerit
1187 2574 1455 2641 immatn'culatus
1477 2587 1510 2640 et
1530 2575 1669 2663 legitime

204 2674 408 2757 20docuerit,
441 2698 475 2740 se
502 2677 535 2739 in
556 2674 664 2762 aliquo
687 2675 793 2740 studio
822 2675 1028 2762 privilegiato
1056 2697 1114 2763 per
1143 2676 1284 2762 quinque
1313 2695 1415 2739 annos
1444 2677 1615 2741 continuos
1638 2677 1669 2740 in

246 2776 316 2839 iure
343 2773 514 2857 studuisse,
541 2785 573 2839 et
601 2775 644 2840 ad
665 2775 806 2839 medium
836 2798 956 2840 annum
978 2784 1074 2839 antea
1093 2773 1146 2838 hic
1171 2775 1205 2837 in
1225 2774 1289 2838 ista
1314 2775 1529 2839 universitate
1550 2776 1669 2840 steterit

247 2884 279 2939 et
300 2872 343 2938 ad
362 2874 530 2938 minimum
552 2873 657 2939 bisin
680 2876 861 2962 septimana
881 2875 915 2938 in
935 2874 1072 2938 materia
1093 2874 1173 2938 iuris
1194 2872 1310 2958 legerit
1331 2882 1387 2938 aut
1406 2875 1622 2961 resumpserit
1640 2885 1668 2938 et

246 2972 410 3060 publicam
431 2972 544 3037 fecerit
564 2974 803 3060 repeticionem.

329 3107 476 3154 xxxvm.
517 3090 610 3173 Item,
633 3100 667 3154 ut
690 3088 852 3154 scholares
875 3090 955 3155 iuris
981 3112 1018 3154 eo
1039 3089 1152 3155 fortius
1174 3088 1367 3154 inducantur
1389 3087 1432 3154 ad
1453 3090 1666 3177 promotiones

205 3189 283 3254 eain
310 3187 372 3253 hac
401 3188 555 3254 facultate
582 3198 693 3253 nostra
716 3188 919 3276 recipiendas
941 3189 1111 3277 minusque
1139 3186 1331 3283 praeiudicii
1359 3187 1413 3252 hic
1440 3193 1599 3276 promotis
1625 3190 1667 3253 in·

248 3288 383 3369 feratur,
405 3286 543 3376 placuit,
565 3288 650 3376 quod
673 3287 751 3353 alibi
770 3289 804 3352 in
825 3287 988 3353 doctorem
1011 3301 1067 3354 aut
1088 3288 1291 3354 licenciatum
1313 3298 1493 3376 promotus,
1516 3289 1544 3351 si
1567 3286 1666 3353 nobis·

250 3410 324 3452 cum
346 3385 483 3472 gradum
503 3385 740 3452 baccalariatus
763 3388 797 3451 in
816 3389 886 3452 iure
907 3411 971 3454 non
994 3389 1035 3452 sit
1055 3399 1231 3471 assecutus,
1252 3410 1311 3474 pro
1328 3388 1378 3452 sui
1401 3387 1543 3474 simplici
1565 3410 1667 3474 recep·

249 3488 336 3550 tione
346 3508 402 3549 seu
413 3483 593 3573 assumlt8]
601 3488 709 3573 ptione
733 3485 775 3552 ad
794 3485 897 3551 locum
922 3486 1025 3552 solvat
1047 3507 1106 3553 xvr
1127 3489 1236 3553 floren.
1256 3509 1311 3569 re,
1335 3485 1376 3550 de
1398 3485 1516 3574 quibus
1537 3496 1666 3575 quantor

247 3584 361 3649 cedent
382 3584 460 3649 fisco
484 3584 647 3649 facultatis
669 3595 799 3649 nostrae
822 3595 852 3649 et
882 3585 938 3650 alii
967 3585 1153 3651 doctoribus
1176 3596 1252 3652 tunc
1282 3585 1512 3675 praesentibus
1540 3596 1573 3650 et
1599 3595 1666 3650 actu

205 3693 239 3749 30
252 3683 454 3770 regentibus,
486 3685 554 3748 sive
582 3684 615 3746 in
642 3683 743 3748 altero
771 3685 840 3748 sive
868 3686 901 3749 in
930 3695 1066 3772 utroque
1094 3687 1164 3750 iure
1189 3686 1285 3750 firerit
1315 3696 1493 3772 promotus.
1536 3684 1604 3750 Sed
1630 3707 1665 3749 ex

249 3793 323 3871 post
352 3805 412 3870 pro
438 3784 487 3846 sui
516 3784 737 3869 assumptione
761 3806 817 3847 seu
838 3787 1021 3870 receptione
1041 3784 1084 3849 ad
1114 3783 1283 3870 collegium
1309 3784 1362 3849 vel
1392 3783 1566 3850 consilium
1592 3787 1665 3849 eius·

247 3881 320 3946 dem
346 3881 519 3962 facultatis,
542 3880 680 3946 dumodo
700 3905 851 3947 numerus
874 3881 1041 3947 doctorum
1062 3883 1115 3960 (de
1137 3907 1199 3970 quo
1221 3889 1333 3970 supra)
1362 3893 1540 3969 pateretur,
1570 3883 1666 3948 solvat

249 3980 330 4045 alios
352 3980 521 4045 duodecim
544 3980 654 4046 floren.
678 4005 733 4064 re,
756 4005 891 4069 quorum
914 3982 977 4047 duo
1000 3982 1077 4047 fisco
1096 3982 1268 4065 facultatis,
1291 3982 1407 4069 reliqui
1429 4002 1549 4047 verax
1566 3981 1665 4047 docto

247 4080 339 4145 ribus
361 4080 488 4166 collegii
510 4081 734 4168 praesentibus
757 4092 789 4146 et
810 4093 884 4146 actu
904 4081 1090 4168 regentibus
1114 4083 1228 4148 cedere
1250 4081 1422 4147 debebunt.
1445 4081 1579 4147 sivero
1599 4104 1665 4168 gra·

206 4179 324 4245 35dum
343 4179 580 4245 baccalarIatus
602 4182 636 4245 in
657 4181 727 4245 iure
747 4179 800 4244 hic
821 4180 919 4245 fuerit
940 4191 1116 4265 assecutus,
1144 4192 1219 4246 tunc
1240 4205 1299 4268 pro
1322 4186 1371 4246 sui
1399 4180 1540 4268 simplici
1563 4204 1665 4268 recep·

247 4281 332 4345 tione
358 4288 389 4344 et
416 4282 613 4344 assumtione
640 4279 683 4344 ad
710 4279 815 4344 locum
845 4280 949 4345 solvat
977 4300 1000 4345 x
1026 4281 1138 4346 floren.
1163 4304 1217 4362 re,
1245 4281 1286 4345 de
1315 4280 1432 4367 quibus
1463 4280 1527 4345 duo
1557 4279 1666 4346 cedant

247 4379 325 4444 fisco
348 4377 458 4443 etalii
487 4388 558 4443 octo
581 4378 767 4444 doctoribus
791 4379 935 4444 eiusdem
965 4379 1129 4444 facultatis
1152 4390 1227 4444 tunc
1255 4377 1493 4466 praesentibus.
1537 4378 1603 4445 Sed
1629 4402 1665 4444 ex

249 4489 322 4565 post
342 4500 401 4565 pro
424 4479 473 4542 sui
495 4480 713 4565 assumptione
735 4479 778 4544 ad
799 4479 967 4543 consilium
988 4479 1151 4544 facultatis
1172 4479 1276 4543 solvat
1296 4478 1376 4543 alios
1393 4497 1417 4542 x
1431 4477 1556 4560 floren,
1577 4477 1665 4544 modo

248 4580 312 4643 iam
340 4578 424 4642 dicto
449 4576 650 4642 dividendos.
693 4577 776 4642 Aliis
797 4587 904 4642 tamen
927 4576 1114 4664 praedictae
1141 4577 1303 4642 facultatis
1326 4577 1456 4642 statutis
1480 4587 1513 4642 et
1542 4599 1665 4643 consue

208 4676 426 4759 totudinibus,
449 4678 537 4742 circa
558 4676 636 4742 alibi
658 4687 822 4763 promotos
842 4676 1099 4764 disponentibus,
1122 4699 1247 4764 semper
1270 4674 1378 4741 salvis.

334 4810 455 4857 xxxlx.
496 4793 577 4857 Item
606 4795 682 4881 quia
713 4794 979 4879 ignominiosum¹
1005 4803 1067 4876 est,
1095 4793 1181 4859 illius
1209 4794 1432 4858 executionem
1463 4816 1523 4882 per
1551 4815 1664 4882 paucos

248 4892 414 4978 impediri,
441 4891 527 4978 quod
555 4913 575 4955 a
604 4891 751 4980 pluribus
780 4901 870 4957 extat
900 4892 1101 4959 concorditer
1129 4891 1323 4975 conclusum,
1354 4892 1395 4958 ob
1424 4892 1461 4959 id
1491 4893 1614 4980 placuit
1639 4902 1665 4958 et

338 5144 349 5194 l
369 5139 556 5197 Geschrieben
571 5138 645 5195 steht
661 5141 865 5208 iqoomiaosam.
