3756 6158
737 494 789 544 Die
806 492 926 545 Statuten
944 508 998 545 von
1018 494 1090 546 1554.

674 724 721 772 DE
743 726 955 775 ABSENTIBUS
978 726 1155 776 COLLEGIS.

784 845 954 895 Statntum
973 846 1060 895 XIII.

287 956 340 1021 Ad
362 957 484 1044 aliquot
506 957 585 1037 dies,
614 956 835 1025 hebdomadas
857 970 889 1025 et
910 982 1036 1025 menses
1066 959 1196 1025 cuilibet
1225 961 1294 1025 siue
1323 962 1525 1028 incommodo
1553 963 1629 1027 lieet

205 1055 330 1137 abesse,
352 1078 509 1120 consensu
530 1067 637 1120 tamen
657 1059 835 1145 praepositi
858 1070 890 1124 et
912 1060 1024 1124 relicto
1046 1069 1263 1146 procuratore,
1286 1060 1344 1125 sub
1366 1083 1471 1147 poena
1491 1061 1627 1126 arbitra-

203 1158 254 1219 ria
276 1154 412 1240 collegii.
453 1156 499 1219 Iis
522 1177 608 1235 vero,
637 1158 690 1243 qui
714 1156 894 1223 studiorum
916 1180 1016 1223 causa
1037 1157 1101 1223 alio
1123 1181 1157 1222 se
1179 1159 1361 1241 conferunt,
1393 1160 1507 1224 abesse
1533 1163 1628 1224 etiam
1654 1170 1670 1225 5

205 1254 333 1340 longius
361 1254 451 1335 licet,
481 1257 698 1320 consentiente
727 1254 861 1342 collegio
884 1254 949 1345 [17]
980 1268 1011 1321 et
1040 1259 1213 1322 constituto
1240 1269 1461 1344 procuratore,
1490 1257 1629 1347 dumque

207 1353 378 1419 commoda
398 1376 461 1419 non
481 1355 674 1441 percipiant,
696 1356 846 1421 oneribus
868 1365 1046 1421 nonerunt
1068 1356 1286 1442 aggravandi3
1307 1357 1370 1422 illis
1382 1359 1489 1442 etiam,
1511 1360 1566 1445 qui
1588 1357 1631 1422 ad

208 1464 333 1518 certum
363 1450 504 1518 officium
531 1457 638 1520 vocati
670 1453 804 1537 abeunt,
835 1457 1007 1524 triennium
1036 1455 1231 1538 conceditur,
1261 1458 1289 1520 si
1318 1469 1571 1544 procuratorem,
1596 1459 1630 1522 in

206 1576 302 1639 quem
319 1552 490 1638 collegium
512 1555 607 1621 sicuti
629 1556 662 1619 in
683 1554 769 1619 illius
791 1554 914 1621 abitum
936 1557 1142 1638 consenserit,
1163 1567 1236 1642 post
1255 1577 1289 1620 se
1307 1556 1507 1643 deliquerint
1528 1557 1629 1622 Habi-

207 1654 363 1719 tationem
397 1676 474 1719 vero
512 1676 603 1718 suam
636 1666 782 1740 tempore
819 1654 985 1720 absentiae
1024 1666 1158 1741 propter
1195 1653 1295 1719 libros
1331 1665 1362 1720 et
1399 1655 1629 1744 supellectilem
1642 1666 1672 1721 to

210 1752 455 1818 custodiendam
484 1753 649 1819 habebunt
671 1754 817 1819 liberam.
860 1754 925 1836 Qui
951 1764 1067 1836 autem,
1089 1776 1149 1818 nec
1170 1755 1266 1818 venia
1284 1756 1458 1841 impetrata
1478 1778 1538 1820 nec
1559 1779 1631 1842 pro·

208 1863 357 1917 curatore
391 1855 564 1919 constituto
571 1902 579 1934 ,
613 1853 733 1936 aberit,
764 1855 851 1919 omni
883 1853 1095 1920 emolumento
1125 1863 1270 1939 tempore
1302 1853 1468 1919 absentiae
1498 1855 1631 1921 carebit.

208 1951 349 2039 Tempus
368 1974 446 2017 vero
469 1951 634 2018 absentiae
657 1965 688 2018 et
708 1952 856 2018 similiter
877 1953 999 2017 reditus
1021 1953 1176 2040 cuiusque
1196 1954 1329 2039 incipiet
1349 1953 1391 2018 ab
1413 1976 1450 2018 eo
1474 1956 1630 2034 semestri,

209 2050 292 2138 quod
325 2050 411 2115 diem
439 2051 607 2117 absentiae
640 2055 709 2117 sive
741 2052 865 2117 reditus
893 2053 1047 2139 cuiusque
1077 2053 1226 2137 proxime
1254 2063 1413 2140 sequetur.
1454 2052 1632 2120 Commoda

209 2162 313 2215 autem
337 2149 517 2216 absentium
540 2162 727 2238 praesentes
748 2153 833 2217 inter
853 2173 888 2216 se
910 2150 1065 2217 divident.
1642 2161 1672 2217 15

554 2348 598 2438 [S.
623 2349 672 2436 18}
695 2368 742 2415 nn
764 2367 1056 2417 namrnmomnus
1078 2367 1286 2417 sessurmu.

778 2486 947 2536 Statutnm
966 2485 1072 2537 xl111.

290 2598 357 2683 Qui
383 2598 501 2667 absens
528 2601 626 2666 tuerit
652 2599 704 2667 vel
733 2612 826 2667 extra
855 2599 1026 2686 collegium
1051 2600 1085 2665 in
1117 2600 1198 2666 urbe
1224 2600 1435 2683 habitaverit,
1464 2602 1631 2688 vaporarii

210 2699 257 2764 sui
279 2698 485 2765 inhabitandi
505 2702 555 2765 ius
576 2700 689 2765 offeret
709 2700 904 2788 praeposito,
927 2701 982 2787 qui
1005 2699 1039 2764 id
1060 2700 1182 2765 referre
1205 2699 1301 2765 debet
1326 2700 1368 2765 ad
1397 2699 1537 2788 rehquos
1568 2702 1629 2767 col·

209 2796 316 2885 legas3
349 2800 440 2887 sique
471 2809 618 2887 repertus
647 2799 756 2879 fuerit,
789 2801 844 2883 qui
874 2799 1052 2865 conducere
1083 2809 1253 2865 vacantem
1283 2798 1513 2865 habitationem
1545 2800 1674 2884 veliam

210 2898 291 2980 aliis,
314 2907 443 2964 servato
466 2886 578 2964 ‘ortfine
601 2899 691 2978 senii,
714 2897 904 2983 praefertur.
935 2896 986 2961 De
1008 2901 1111 2984 pretio
1132 2897 1342 2963 habitationis
1364 2900 1392 2963 si
1414 2903 1632 2966 controversia

208 2999 292 3062 inter
313 2997 488 3063 locatorem
511 3007 542 3062 ct
569 2997 796 3062 conductorem
820 2996 988 3079 acciderit,
1017 3007 1228 3085 componetur
1256 3021 1276 3063 a
1305 2996 1449 3084 collegio.
1492 2998 1527 3063 Si
1555 3022 1632 3064 vero

210 3119 249 3161 ex
272 3095 407 3182 collegis
435 3097 663 3162 conductorem
685 3119 747 3160 non
775 3097 932 3183 reperiat,
961 3095 1097 3162 liberum
1120 3096 1149 3162 ei
1172 3098 1243 3178 erit,
1266 3099 1444 3184 cuicunque
1466 3109 1497 3163 et
1518 3101 1630 3186 quanti

211 3195 288 3262 velit
309 3197 520 3282 vaporarium
541 3219 633 3262 suum
654 3195 772 3261 locare.

469 3379 513 3466 [S.
538 3378 585 3466 19]
609 3398 655 3446 ns
677 3397 777 3446 nono
800 3397 963 3445 servium
985 3397 1081 3458 ouen
1103 3396 1377 3447 coronatarum.
1640 3390 1673 3446 25

797 3531 965 3582 statutum
985 3532 1046 3582 XV.

294 3646 400 3729 Quem
422 3646 593 3733 collegium
613 3646 653 3711 ob
677 3647 906 3711 contumatiam
928 3645 1094 3710 absentiae
1117 3668 1195 3711 suae
1216 3644 1411 3733 privandum
1432 3645 1632 3730 iudicaverit,

213 3770 285 3812 eum
306 3745 433 3813 curabit
455 3748 624 3834 ipsiusmet
645 3747 800 3831 impensis
823 3745 981 3826 revocari,
1012 3746 1103 3831 sique
1124 3743 1232 3810 redire
1254 3745 1296 3810 ad
1327 3745 1532 3832 praefinitum
1555 3757 1632 3810 tem-

214 3871 272 3935 pus
294 3846 484 3932 neglexerit,
511 3848 583 3934 ipso
612 3846 697 3910 facto
718 3846 760 3909 sit
780 3845 926 3931 privatus
950 3840 1169 3930 collegiatura,
1197 3856 1228 3908 et
1255 3846 1378 3911 ineius
1403 3844 1507 3910 locum
1535 3846 1633 3932 eliga-

213 3960 264 4011 tur
293 3945 386 4011 alius.
430 3942 524 4027 Quod
537 3944 660 4010 ‘itidem
685 3942 869 4009 faciendum
890 3943 966 4026 erit,
992 3943 1020 4008 si
1043 3941 1108 4008 alia
1135 3942 1298 4009 decanea
1325 3945 1398 4031 quis
1424 3943 1675 4032 collegiatura30

215 4047 361 4132 privatus
382 4046 488 4111 fuerit

433 4192 478 4282 [S.
498 4192 551 4282 20]
574 4212 620 4259 ns
643 4211 833 4259 mammas
855 4211 900 4258 er
923 4207 1181 4258 marsnrcrmss
1203 4209 1415 4260 rsmrosmr.

789 4329 959 4379 statutum
979 4327 1059 4378 XVI.

295 4445 350 4511 De
368 4444 554 4533 praeposito
578 4444 640 4510 hoc
660 4445 866 4509 constitutum
887 4453 944 4524 est,
973 4449 1010 4507 ut
1031 4442 1072 4507 sit
1094 4458 1237 4507 summus
1258 4443 1466 4529 magistratus
1487 4445 1521 4509 in
1541 4443 1634 4510 colle·

213 4544 267 4632 gio
296 4556 328 4610 et
355 4545 424 4610 eius
450 4543 705 4610 iurisdietionem
736 4541 899 4608 declinare
920 4540 999 4606 nulli
1021 4539 1125 4605 liceat
1164 4540 1339 4607 Praeterea
1365 4564 1521 4607 summam
1542 4553 1675 4608 reve-35

213 4645 350 4711 rendam
375 4642 478 4709 eidem
499 4643 654 4709 exhibere
676 4666 715 4709 ac
736 4642 1017 4728 morigerationem
1046 4650 1199 4725 tanlquam
1227 4664 1284 4706 suo
1313 4642 1516 4727 magistratui
1545 4666 1634 4708 reve-

214 4753 323 4809 renter
346 4753 513 4830 praestare
541 4742 674 4824 debent,
705 4742 822 4829 quique
848 4738 899 4803 vel
925 4762 967 4804 ex
996 4736 1129 4825 collegis
1155 4739 1206 4805 vel
1234 4738 1316 4805 alias
1344 4764 1385 4805 ex
1414 4740 1578 4827 inquilinis
1605 4754 1635 4807 et

214 4840 337 4907 familia
361 4838 448 4906 illius
469 4844 601 4907 monitis
622 4864 688 4907 non
708 4838 997 4927 obtemperaverit,
1025 4837 1076 4901 vel
1105 4839 1211 4920 iussis,
1233 4839 1395 4905 mandatis
1416 4852 1449 4904 et
1468 4839 1633 4906 edictioni-

215 5040 342 5107 niendis
363 5040 579 5106 subiectorrun
601 5040 726 5105 delictis
757 5039 936 5126 plenariam
962 5046 1115 5120 tanquam
1145 5036 1373 5126 santiliaspatri
1401 5037 1531 5126 reliquit
1560 5063 1630 5104 aea·
1643 5051 1676 5105 to

217 5141 322 5208 demis
344 5139 489 5227 collegio,
512 5141 539 5204 si
561 5141 652 5226 prius
675 5162 695 5204 a
716 5149 841 5203 rectore
863 5145 1068 5202 anteversum
1091 5157 1155 5202 non
1175 5136 1298 5220 fideret,
1319 5136 1370 5203 vel
1391 5138 1458 5226 ipsi
1483 5137 1635 5205 molestus

290 5256 511 5295 ΠΔΤΜΙΙΒΠΟΙῙ
528 5256 585 5293 DE!
602 5255 675 5294 uttlv.
694 5255 813 5293 utente.
1433 5246 1469 5306 Π
