3756 6158
246 461 307 527 302
731 468 787 518 Das
808 467 931 519 Paullusr
947 467 1049 532 colleg.
1083 468 1206 532 Anhang.

250 683 278 742 2.
299 681 417 755 Acaruq
432 699 488 738 aas
509 681 600 742 anem
615 684 725 743 Deerat
748 686 799 742 des
811 688 937 744 Rectora
950 689 1015 746 aad
1034 689 1088 746 der
1100 685 1277 745 Dccemrirn
1297 704 1362 743 vom
1376 684 1405 746 9,
1422 683 1548 742 October
1563 682 1659 746 1562¹

706 794 777 865 (Vgl.
799 802 867 850 oben
885 802 911 853 S.
929 802 978 853 300
995 805 1054 853 Lex
1071 802 1180 862 XXXI.)

328 978 365 994 ..
388 977 426 995 ..
456 928 544 1010 Quia
570 930 667 995 etiam
693 930 789 995 nullis
810 931 862 997 vel
884 934 1113 1001 monitionibus
1133 931 1186 999 vel
1209 929 1491 1017 obiurgationibus
1512 928 1660 994 hactenus

249 1031 391 1096 coerceri
404 1031 519 1115 ,potuit
538 1028 732 1115 improbitas
752 1040 850 1118 atque
871 1034 1050 1119 petulantia
1069 1055 1243 1120 puerorum
1263 1032 1296 1095 in
1314 1029 1441 1115 collegii
1462 1027 1560 1094 huius
1582 1028 1659 1093 aedi·

204 1143 220 1196 5
246 1131 308 1197 bus
336 1139 456 1195 tenure
485 1129 728 1212 diversantium,
758 1140 789 1194 et
813 1130 928 1197 haruin
956 1132 1144 1199 deformitas
1166 1131 1284 1197 crescit
1303 1140 1336 1194 et
1356 1139 1517 1215 augentur
1541 1127 1661 1209 damna

245 1230 317 1295 ideo
338 1251 422 1293 nunc
443 1250 568 1315 quoque
588 1229 756 1293 hortamur
769 1252 879 1295 omnes
900 1231 1015 1297 harum
1037 1230 1165 1297 aedium
1180 1228 1365 1315 inquilinos,
1385 1239 1432 1311 ut,
1453 1250 1554 1316 quam
1567 1228 1661 1291 vitam

246 1350 389 1417 quosque
415 1350 520 1392 mores
543 1330 687 1412 requirat
708 1331 846 1413 primum
869 1332 1072 1395 sanctissima
1094 1329 1259 1416 religionis
1280 1329 1478 1393 christianae
1497 1326 1661 1413 professio,

247 1430 363 1494 deinde
385 1450 496 1491 earum
518 1429 636 1491 artium
659 1427 776 1510 studia,
805 1452 888 1513 quae
911 1428 1092 1495 liberalium
1115 1440 1146 1493 et
1167 1430 1383 1514 ingenuarum-
1397 1448 1517 1492 nomen
1539 1423 1660 1505 habent,

243 1528 447 1618 perpendant
474 1527 591 1591 animis
619 1529 694 1593 suis
735 1528 854 1593 Adhuc
882 1550 922 1593 ao
951 1551 1024 1595 eum
1052 1551 1179 1594 summa
1204 1528 1383 1614 ignominia
1410 1524 1539 1592 ordinis
1567 1524 1661 1588 nostri

205 1641 236 1697 10
245 1641 277 1695 et
303 1629 409 1694 bonae
428 1624 624 1713 valetudinis
652 1626 796 1713 periculo
826 1639 997 1715 praesente
1017 1649 1057 1693 ea
1079 1629 1204 1717 species
1234 1637 1284 1693 est
1311 1616 1442 1705 aedium
1467 1623 1599 1704 harum,
1622 1634 1662 1705 ut,

244 1724 513 1815 quemadmodum
540 1727 588 1790 ait
619 1748 719 1791 senex
747 1724 927 1810 Plautinus,
959 1749 1045 1810 „non
1068 1726 1214 1793 homines
1241 1726 1295 1793 hic
1315 1725 1465 1793 habitare
1485 1720 1662 1802 rideantur,

245 1827 303 1895 sed
331 1826 437 1893 sues“.
477 1824 684 1912 Quapropter
713 1824 832 1910 singuli
860 1824 956 1891 istam
986 1847 1097 1891 auram
1124 1825 1167 1890 ad
1195 1849 1230 1891 se
1256 1827 1421 1913 pertinere
1448 1823 1608 1909 cogitent,
1631 1831 1663 1885 ut

245 1926 365 2013 ubique
391 1925 535 1990 locorum
556 1923 731 1989 mundities
753 1927 857 1989 maior
876 1926 919 1989 sit
937 1946 1035 2011 quam
1056 1924 1211 1993 hactenus
1230 1926 1293 1991 fuit
1310 1935 1408 2012 utque
1430 1921 1547 1989 sordes
1568 1942 1662 1987 remo·

244 2038 374 2108 ventur,
404 2026 430 2087 si
459 2046 523 2113 qua
545 2022 668 2107 aliquid
697 2022 777 2087 solet
805 2033 837 2087 ot
863 2023 939 2089 licet
964 2023 1094 2107 effundi,
1123 2025 1166 2093 ad
1193 2025 1229 2091 id
1256 2047 1336 2091 cura
1361 2033 1395 2089 et
1418 2021 1662 2108 circumspectio

205 2137 235 2191 15
246 2125 448 2224 adhibeatur,
470 2147 534 2189 non
553 2123 648 2189 modo
669 2145 711 2187 ne
732 2125 952 2207 praetereunti
970 2123 1069 2191 alicui
1088 2125 1297 2210 impingatur,
1319 2122 1379 2189 sed
1398 2144 1440 2187 ne
1461 2121 1661 2188 foedastiam

246 2225 372 2291 illuvies
401 2224 529 2289 existat.
568 2220 690 2288 Proiiei
721 2224 851 2288 omnino
881 2221 921 2289 de
944 2220 1151 2289 conclavibus
1174 2234 1207 2288 et
1227 2221 1466 2290 habitationum
1484 2219 1570 2289 locis
1589 2217 1661 2285 nihil

246 2321 350 2390 debet.
392 2321 444 2385 Ae
464 2322 673 2387 constitutum
693 2330 838 2385 estante
859 2323 998 2403 severe²,
1018 2322 1107 2409 apud
1129 2344 1350 2411 quemcumque
1371 2320 1505 2389 illorum
1525 2318 1661 2386 locorum

245 2421 380 2509 posthae
418 2419 618 2503 chartarum,
646 2442 843 2506 pannorum,
871 2420 1053 2486 calceorum
1084 2424 1283 2508 fragmenta,
1316 2420 1456 2507 donique
1485 2416 1585 2485 ullius
1619 2418 1660 2483 rei

246 2521 371 2587 alienae
397 2529 454 2585 aut
480 2520 611 2605 spuriae
637 2521 809 2607 quicquam
835 2532 998 2606 repertum
1023 2531 1269 2607 respectumque
1296 2521 1349 2602 sit,
1375 2530 1413 2587 ut
1441 2517 1486 2585 ab
1509 2518 1581 2583 eius
1606 2515 1659 2581 loci

208 2618 406 2704 adinquilino
427 2629 556 2684 curator
577 2620 719 2701 regionis
739 2618 880 2684 mulctae
900 2618 1029 2685 nomine
1050 2621 1161 2706 exigat
1182 2643 1247 2689 nou
1257 2621 1363 2687 minus
1384 2616 1562 2687 nummulis
1583 2637 1659 2680 com·

245 2718 394 2785 munibus
423 2717 502 2799 XII,
533 2719 786 2804 quotiescunque
815 2740 935 2799 eorum,
964 2741 1046 2804 quae
1075 2731 1151 2785 sunt
1177 2719 1273 2802 dicta,
1302 2715 1426 2805 aliquid
1445 2717 1609 2783 invenerit
1628 2736 1659 2779 ac

247 2818 373 2895 viderit.
399 2816 444 2881 Et
463 2818 616 2903 quoniam
630 2840 650 2880 a
670 2818 780 2903 pueris
800 2839 873 2882 eum
895 2827 1029 2883 uocetur
1045 2818 1095 2883 his
1116 2818 1251 2885 aedIbus
1269 2817 1431 2904 imprimis
1453 2825 1525 2883 tum
1548 2815 1658 2900 negotii

247 2918 419 3004 plurimum
443 2915 645 2980 curatoribus
667 2914 848 2997 exhibetur,
869 2918 976 2985 visum
998 2916 1102 2983 estid
1124 2919 1258 3001 servari,
1280 2915 1422 3004 quadiu
1444 2914 1587 2983 aliorum
1607 2910 1658 2977 eol·

245 3016 403 3102 legiorum
424 3012 560 3079 aedibus
576 3016 750 3079 consuevit.
771 3013 891 3097 Primo,
906 3037 999 3079 nemo
1020 3026 1055 3079 ut
1075 3039 1211 3103 puerum
1223 3039 1287 3082 non
1307 3013 1538 3081 scholasticum
1552 3011 1658 3077 habeat

204 3127 342 3203 25atque
369 3116 478 3181 foveat
504 3116 537 3178 in
560 3113 705 3179 conclavi
731 3136 796 3177 suo.
838 3114 907 3178 Iam
935 3123 1041 3178 autem
1067 3138 1156 3180 more
1182 3116 1232 3199 fit,
1260 3127 1296 3181 ut
1325 3113 1455 3180 scholae
1479 3112 1657 3177 Thomanae

244 3214 476 3302 discipulorum
509 3213 667 3277 famulatu
700 3213 803 3276 nostri
834 3221 982 3277 utantur:
1022 3213 1069 3278 ibi
1097 3216 1197 3300 igitur
1226 3215 1286 3280 hos
1312 3215 1454 3295 discere,
1486 3211 1656 3277 testimonio

245 3315 392 3399 magistri
413 3312 499 3377 illius
526 3312 594 3377 ludi
621 3312 752 3400 planum
781 3311 852 3379 fieri
879 3309 988 3394 debet3
1018 3336 1092 3378 suos
1119 3324 1225 3379 autem
1253 3316 1372 3402 quique
1399 3311 1580 3397 discipulos
1605 3331 1656 3373 non

245 3413 341 3478 modo
361 3411 464 3477 literis
484 3422 571 3477 recte
592 3413 769 3494 instituant,
793 3410 850 3475 sed
862 3410 1052 3497 disciplinae
1067 3415 1164 3477 etiam
1181 3415 1352 3478 severitate
1367 3409 1574 3477 cohibeanta
1591 3408 1654 3473 leri-

247 3524 312 3577 tate
334 3512 598 3578 vociferationum
620 3519 653 3574 et
675 3511 827 3594 strepitus
849 3518 945 3595 atque
969 3533 1131 3593 cursuum.
1172 3512 1223 3577 Ac
1251 3513 1371 3596 siquis
1400 3509 1514 3596 plures
1539 3529 1654 3595 pueros,

204 3612 289 3678 30ad
322 3634 356 3677 se
389 3610 533 3679 discendi
566 3611 674 3696 gratia
702 3610 878 3692 venientes,
909 3631 1017 3675 secum
1045 3610 1195 3679 habuerit
1222 3634 1318 3699 quam
1343 3610 1401 3693 VI,
1435 3620 1515 3675 usuc
1547 3607 1654 3694 placuit

245 3712 372 3796 magnis
393 3721 424 3774 et
446 3709 600 3796 gravibus
621 3708 661 3773 de
686 3708 793 3773 causis
815 3729 875 3794 pro
898 3708 1035 3795 singulis
1056 3732 1224 3775 numerum
1253 3711 1416 3775 senarium
1439 3704 1652 3795 superantibus

247 3833 325 3874 suae
344 3811 487 3897 regionis
510 3810 651 3874 curatori
672 3806 814 3894 pendere
835 3807 983 3872 numulos
1005 3830 1189 3875 communes
1203 3808 1335 3873 XXIIII
1350 3828 1546 3895 unoquoque
1569 3825 1651 3871 seme

245 3911 314 3991 stri,
344 3909 385 3975 de
412 3933 477 3994 qua
502 3907 670 3995 pensicula
697 3917 728 3970 et
754 3909 828 3992 ipsa
858 3909 1013 3970 rationem
1040 3905 1177 3971 reddere
1199 3918 1365 3973 curatores
1386 3916 1555 3992 cogentur.
1594 3904 1650 3969 Non

245 4020 352 4073 autem
372 4009 433 4073 hoc
453 4008 585 4072 minime
606 4005 823 4092 ponderosum
845 4026 926 4069 onus
946 4006 1031 4069 ferre
1050 4027 1203 4070 recusare
1224 4008 1394 4094 quisquam
1421 4002 1569 4087 debebit,
1592 4022 1649 4067 cun

204 4118 237 4172 35
247 4108 363 4172 harum
384 4107 513 4172 aedium
535 4105 637 4171 multa
659 4102 837 4186 commoda,
865 4125 947 4188 quae
969 4104 1011 4169 ab
1033 4103 1181 4171 omnibus
1208 4106 1442 4193 percipiuntur,
1468 4102 1551 4170 illu'd
1572 4098 1649 4167 facile

248 4206 390 4272 allevare
422 4213 567 4293 possunt.
607 4202 703 4285 Quod
724 4224 802 4267 vero
825 4201 868 4267 ad
895 4212 1003 4267 cetera
1024 4205 1152 4287 attinet,
1180 4228 1219 4270 ea
1240 4215 1272 4271 et
1292 4206 1460 4270 honestate
1482 4226 1554 4270 esse
1573 4220 1647 4292 prae

249 4308 338 4372 clara
360 4315 392 4370 et
412 4306 604 4372 necessitate
624 4306 689 4369 iam
711 4301 913 4367 inevitabilia
933 4303 1051 4387 offerri,
1072 4303 1445 4390 intelligeturacunctis,
1467 4303 1583 4392 quibus
1596 4299 1645 4388 qui·

247 4407 320 4472 dem
342 4406 466 4492 aliquid
489 4404 597 4470 cordis
620 4404 800 4489 mentisque
820 4403 912 4468 inest.
942 4401 1087 4482 Quodsi
1109 4405 1160 4468 cui
1182 4405 1246 4469 ista
1265 4406 1421 4490 graviora
1442 4412 1500 4469 aut
1517 4401 1644 4469 intolera-

249 4507 329 4572 bilia
350 4504 511 4589 videntur,
539 4505 568 4569 ei
589 4504 623 4567 in
644 4510 797 4590 promptu
819 4511 868 4566 est
889 4500 1038 4567 liberatio
1059 4501 1226 4569 molestiae
1246 4503 1341 4569 huius
1363 4502 1570 4590 emigrando³
1586 4500 1643 4566 hinc

205 4607 311 4672 aelio
333 4615 366 4670 et
386 4626 422 4671 se
444 4602 643 4686 difficultate,
664 4624 723 4667 nos
743 4600 957 4666 sollicitudine
978 4601 1116 4668 levando
1138 4649 1298 4668 ......
1343 4603 1347 4609 “

324 4828 334 4877 1
356 4821 404 4876 Bei
421 4820 511 4892 Vogel
531 4837 555 4874 a.
574 4836 598 4874 a.
617 4819 649 4873 Ο.
667 4817 709 4871 Bl.
727 4821 798 4873 496⁸
815 4814 854 4886 fg.

323 4911 338 4959 2
356 4905 541 4961 Geachrieben
559 4903 632 4959 steht
647 4901 769 4955 deutlich
788 4918 841 4957 sert.

324 4994 338 5044 3
356 4989 542 5046 Geachrieben
560 4987 634 5043 steht
652 4986 807 5055 ersipromli
823 5024 830 5039 .
847 5024 854 5039 .
872 5025 879 5039 .
897 4978 1016 5039 Ιὸυαηάἰ.

788 5156 1120 5167 m*—
