3756 6158
711 465 762 514 Dic
782 465 1079 549 Statutsnpvomdabrc
1096 448 1168 531 ιι43,

432 713 456 763 a.
491 714 553 764 mn
572 713 647 765 von
667 716 809 768 nanzoo
827 680 1234 771 ιιοιιιιιιιιιιιιιιιιιιι
1252 717 1443 770 suasurus

792 818 854 851 vom
872 803 955 854 dabre
973 800 1044 855 154³.
1054 803 1062 836 ¹

317 909 484 976 Statuta
514 900 823 984 Universitatis
844 916 1126 983 Scholasticae
1151 917 1363 1004 hrpsicae‚
1389 926 1547 982 renovata
1567 930 1657 1011 anag

234 1007 398 1074 MDXLII
410 1010 533 1094 salutis,
552 1013 763 1081 illustrissimi
777 1017 938 1119 principis
952 1040 991 1082 ac
1006 1017 1129 1082 domini
1148 1015 1352 1099 Mauritii,
1374 1016 1465 1082 ducis
1479 1015 1651 1098 Saxoniae,

208 1107 417 1223 blandgravii
439 1110 639 1199 'thuringiae
671 1137 711 1180 ac
730 1090 856 1181 Misnae
883 1116 1093 1200 marchionis,
1128 1115 1249 1181 domini
1272 1117 1375 1181 nostri
1401 1112 1652 1196 clementissimi,

235 1209 352 1295 primo,
363 1219 489 1276 rectore
499 1211 542 1276 M.
560 1212 707 1300 Casparo
720 1215 865 1280 Bornero
881 1215 1061 1302 Haynensi‚
1080 1214 1261 1302 theologiae
1275 1215 1454 1299 licenciato,
1476 1237 1497 1279 a
1514 1222 1652 1302 quatuor

235 1308 418 1375 nationibus
452 1310 594 1378 eiusdem
627 1313 708 1378 XIII
734 1313 801 1380 Cal.
830 1314 934 1402 April.
961 1314 1092 1403 publice
1119 1313 1250 1380 decreta
1282 1325 1315 1379 et
1348 1323 1462 1402 postea
1492 1312 1651 1401 principis

154 1458 171 1497 ⁶·.
236 1407 380 1488 eiusdem
414 1411 610 1478 authoritate
642 1412 895 1500 comprobata⁸
886 1436 1039 1502 iussuque
1066 1413 1232 1502 publicata
1260 1414 1290 1478 d.
1321 1421 1368 1482 16
1403 1410 1537 1480 calend.
1569 1408 1649 1500 Maij

234 1503 468 1593 MDanI,
494 1513 696 1600 principatus
716 1513 757 1578 Π.
786 1513 910 1580 Horum
930 1515 1030 1600 igitur
1052 1523 1245 1580 statutorum
1265 1536 1359 1579 usum
1378 1519 1411 1577 et
1433 1513 1650 1623 conservatio·

196 1611 227 1666 to
235 1626 309 1668 nem
333 1605 468 1674 florente
494 1611 631 1677 ecclesia
652 1612 775 1680 Christi
803 1624 835 1679 et
865 1612 1035 1701 republica
1062 1613 1248 1679 diutmnam
1274 1622 1306 1678 et
1330 1611 1456 1678 felicem
1484 1579 1652 1677 esse·th

237 1702 321 1770 filius
342 1705 410 1790 dei,
431 1711 486 1797 qui
508 1710 622 1777 sedens
645 1713 688 1778 ad
708 1713 858 1778 dextram
877 1715 980 1802 patris
1001 1714 1125 1778 aeterni
1147 1712 1204 1778 dat
1224 1712 1310 1778 dona
1330 1710 1479 1778 omnibus
1499 1709 1651 1776 eteocle

236 1804 400 1871 siasticem
412 1830 451 1873 ac
472 1811 600 1877 civilem
621 1812 932 1879 administrationem
953 1813 1110 1897 custodit,
1125 1822 1223 1900 auget
1242 1821 1275 1877 et
1292 1821 1396 1895 ornat,
1418 1830 1471 1878 cm
1481 1811 1525 1876 ιιι
1537 1807 1651 1963 gloria,

240 1901 320 1988 laus,
342 1904 452 1993 honor,
474 1912 613 1977 victoria
633 1913 838 1999 sempiterna
872 1911 985 1977 Amen

753 2105 756 2108 ⁴
814 2111 1029 2161 PROOEMIUM.

195 2210 227 2265 15
318 2204 414 2271 Nulla
434 2230 486 2274 res
508 2207 639 2295 publica
659 2210 877 2298 cuiuscunque
897 2212 1044 2299 corporis
1066 2211 1135 2275 sine
1156 2209 1283 2300 legibus
1303 2220 1362 2275 aut
1378 2210 1504 2276 institui
1522 2219 1581 2275 aut
1598 2208 1652 2274 du·

234 2324 309 2368 rare
329 2315 452 2391 potest,
480 2307 664 2395 dictumque
685 2319 734 2375 est
750 2310 934 2397 praeclare,
963 2311 1077 2376 ordine
1096 2320 1129 2375 et
1148 2309 1219 2396 lege
1238 2315 1347 2375 rerum
1372 2310 1471 2374 ctiam
1497 2308 1653 2379 universi-

239 2411 337 2468 tatem
358 2403 540 2490 gubernari.
582 2408 655 2474 Non
683 2419 790 2475 autem
816 2410 891 2476 latis
921 2409 1015 2477 modo
1043 2409 1170 2574 legipus
1189 2432 1304 2475 verum
1324 2417 1357 2473 et
1378 2406 1541 2473 interdum
1561 2398 1653 2472 abre

238 2503 324 2587 gatis
344 2512 376 2568 et
394 2508 525 2571 mutatis
546 2529 628 2594 opus
650 2518 713 2593 cst,
734 2533 807 2575 cum
828 2534 881 2576 res
898 2522 930 2576 et
949 2523 1098 2598 tempora
1130 2519 1199 2574 orte
1219 2507 1285 2573 aha
1304 2507 1392 2573 facta
1411 2507 1540 2572 fuerint
1566 2521 1569 2524 '

238 2603 323 2666 enim
345 2603 534 2691 simpliciter
555 2604 659 2694 leges,
682 2608 739 2674 sed
759 2612 985 2676 convenientes
1005 2620 1037 2676 ιι
1056 2619 1154 2697 aptae
1174 2607 1365 2690 laudantur,
1391 2605 1445 2672 vel
1463 2605 1527 2671 bae
1548 2628 1591 2693 po

195 2701 328 2767 theclae
348 2726 408 2789 pro
430 2703 556 2791 legibus
575 2705 745 2774 habendae
767 2719 848 2774 sunt.
891 2709 974 2777 Cum
993 2711 1094 2797 igitur
1122 2707 1358 2773 illustrissimus
1387 2708 1542 2794 princeps
1562 2704 1652 2771 Mau·

234 2800 344 2884 ritius,
373 2801 440 2869 dux
458 2803 620 2872 Saxoniae
640 2818 716 2891 etc,
744 2810 897 2896 princeps
922 2819 1030 2874 noster
1050 2807 1333 2889 clementissimus,
1360 2803 1652 2885 animadvertisset,

233 2901 476 2969 universitatem
488 2903 712 2973 scholasticam
726 2928 829 2992 suam,
850 2907 983 2995 Lipsiae
1003 2908 1165 2995 quondam
1186 2929 1207 2972 a
1226 2904 1404 2972 maioribus
1424 2904 1549 2991 ipsius²
1568 2902 1652 2968 divis

236 3000 440 3088 principibus
461 3003 650 3071 collocatam
671 3018 703 3073 et
721 3007 891 3074 fundatam
912 3018 945 3073 et
965 3009 1067 3073 veteri
1088 3008 1176 3072 fama
1196 3005 1365 3093 dignitatis
1387 3014 1484 3090 atquc
1503 3002 1652 3092 splendo-

235 3099 281 3164 ris
301 3100 477 3187 celebrem,
505 3104 557 3170 bis
583 3107 782 3195 temmribus
807 3095 1047 3174 instauracione
1067 3106 1228 3192 indigere,
1260 3107 1368 3171 statim
1396 3103 1453 3169 ubi
1480 3103 1671 3203 commissa·

194 3205 363 3267 25summa
387 3204 451 3290 ipsi
479 3224 586 3270 rerum
613 3206 688 3289 fuit,
714 3195 794 3271 nihil
820 3209 910 3293 prius
931 3227 1035 3292 neque
1055 3205 1218 3292 antiquius
1240 3205 1333 3270 duxit
1352 3202 1574 3292 pulcherrima
1592 3201 1653 3268 bac

236 3308 268 3362 et
296 3299 509 3368 saluberrima
544 3326 622 3369 cura
653 3307 896 3373 universitatem
927 3305 1151 3372 scholasticam
1179 3327 1272 3369 suam
1296 3326 1362 3369 non
1392 3302 1496 3369 solum
1526 3323 1652 3369 consen

235 3398 334 3463 randi
364 3401 421 3467 sed
448 3404 545 3468 etiam
573 3403 793 3520 amplificandi
814 3416 847 3471 et
866 3408 900 3471 in
919 3404 1083 3471 meliorem
1104 3402 1421 3491 splendidioremquc
1442 3401 1584 3467 formam
1603 3418 1651 3467 rc»

238 3497 380 3584 digendi,
402 3513 529 3568 secutus
550 3506 613 3568 ιι·
603 3528 637 3569 m
657 3503 719 3571 hoc
735 3507 880 3622 optimus
901 3515 933 3571 et
952 3505 1252 3592 praestantissimus
1271 3503 1425 3589 princeps
1447 3498 1648 3568 voluntatem

238 3598 447 3664 aestudium
472 3601 584 3668 divae³
610 3607 785 3693 memoriae
812 3606 916 3692 patris
942 3607 1006 3688 sui,
1035 3605 1204 3670 fortissimi
1231 3611 1263 3668 ιι
1290 3600 1462 3679 clarissimi
1495 3600 1653 3688 principis

195 3695 395 3779 30Heinrici,
417 3701 472 3784 qui
493 3704 667 3788 statrdsset,
690 3703 857 3770 doctrinae
880 3714 912 3770 ιι
933 3703 1089 3770 bonarum
1111 3705 1230 3768 artium
1248 3723 1287 3767 ac
1308 3699 1488 3766 studiorum
1508 3699 1652 3766 humaui·

236 3796 312 3860 tatis
342 3796 491 3864 cultum⁸
481 3824 515 3865 ιιι
541 3804 718 3891 praecipua
745 3803 943 3891 reipublicae
963 3813 1057 3891 parte
1078 3802 1262 3890 ponendum
1283 3822 1363 3866 esse.
1402 3799 1517 3887 ltaque
1536 3799 1581 3864 ad
1599 3819 1654 3863 nc-

237 3898 395 3961 cessarias
422 3899 586 3986 impensas
611 3901 807 3990 locupletata
836 3904 1046 3968 universitate
1074 3901 1275 3984 scholastica,
1307 3897 1656 3965 liberalissimcius‘sit

239 3994 474 4078 illustrissimus
494 4001 645 4089 princeps
665 4011 774 4067 noster
786 4003 968 4085 Mauritius,
991 4013 1026 4067 ut
1046 4001 1087 4067 dc
1108 4002 1228 4089 optimo
1249 3999 1390 4086 quodam
1412 3997 1470 4063 illa
1491 4005 1580 4063 statu
1599 4019 1656 4063 suo

241 4093 435 4163 deliberaret
455 4100 528 4186 ipsa
547 4109 580 4166 et
598 4101 772 4167 laudabilis
791 4102 1080 4169 administrationis
1102 4101 1249 4167 ordinem
1271 4109 1303 4164 et
1322 4099 1483 4165 rationem
1504 4097 1605 4162 iniret
1623 4106 1658 4164 ct

196 4193 467 4263 35deliberataac
478 4201 650 4266 constituta
669 4201 842 4289 principali
862 4202 1036 4286 cognitioni
1056 4201 1194 4266 offerret
1225 4197 1323 4280 Quod
1343 4206 1516 4286 postquam
1535 4196 1656 4269 factum

237 4296 308 4378 fuit,
329 4319 401 4362 cum
421 4307 508 4363 recte
536 4310 569 4364 ιι
593 4303 628 4366 in
654 4303 840 4389 praesentia
866 4302 974 4366 omnia
993 4299 1115 4366 utiliter
1136 4298 1282 4364 consulta
1301 4306 1334 4363 ιι
1353 4305 1473 4362 statuta
1493 4318 1565 4362 esse
1583 4317 1656 4384 χιιι·-Δ

240 4397 420 4483 reperisset,
449 4398 575 4463 remisit
599 4401 802 4466 universitati
821 4399 878 4466 illa
901 4399 1111 4466 scholasticae
1132 4397 1322 4465 confirmata
1343 4397 1518 4463 autoritate
1536 4394 1656 4484 princi-

307 4635 319 4685 1
339 4630 399 4685 Das
417 4629 542 4702 Original
565 4630 601 4686 ist
621 4631 809 4702 gegenwttrtig
831 4630 909 4686 nicht
932 4630 1010 4686 mehr
1032 4629 1199 4686 vorhanden.
1234 4629 1297 4701 vgl.
1323 4624 1514 4685 Urkundlicbe
1540 4625 1659 4692 Qucllcn

239 4712 266 4767 S.
285 4719 341 4768 609.
377 4715 416 4769 Es
432 4715 468 4769 ist
484 4713 551 4770 aber
568 4713 757 4770 abschriftlicb
775 4714 899 4770 erbalten
916 4715 946 4769 in
962 4714 989 4770 J.
1006 4714 1034 4770 J.
1052 4715 1155 4786 Vogels
1170 4713 1364 4769 Collectaneen
1380 4711 1431 4766 Bd.
1448 4712 1482 4768 V.
1499 4710 1530 4767 S.
1549 4715 1600 4766 oto
1616 4707 1657 4781 ig.

239 4795 291 4851 auf
305 4796 355 4852 der
371 4797 518 4871 Leipziger
535 4797 777 4855 Rtitbsbibliothek
799 4799 926 4870 Rep.v1
951 4798 1009 4853 Pol.
1029 4804 1068 4854 16.
1108 4799 1162 4854 Dic
1178 4796 1324 4853 Abscbrift
1345 4795 1466 4852 erweckt
1489 4792 1609 4851 heilich
1622 4809 1659 4847 au

239 4879 349 4951 einigen
369 4879 472 4938 Stellen
489 4882 662 4951 Misstrauen
674 4883 716 4939 im
730 4883 920 4954 Allgemeinen
938 4882 1004 4937 aber
1019 4883 1087 4937 dart
1101 4900 1163 4936 man
1182 4883 1222 4938 sie
1241 4881 1287 4936 fiir
1303 4897 1394 4951 genau
1411 4879 1513 4934 hulten.
1547 4880 1658 4948 Augur-

241 4963 407 5019 scheinlicbe
428 4964 567 5024 Verseben
584 4964 656 5021 habe
674 4966 719 5022 ich
736 4967 787 5021 mir
803 4967 912 5022 erlaubt
929 4965 1159 5038 stillschweigend
1180 4984 1215 5021 zu
1245 4965 1418 5033 verbessern3
1445 4980 1487 5018 wo
1511 4961 1557 5017 ich
1581 4958 1660 5017 nicht

239 5065 312 5120 gant
332 5047 422 5104 sicher
438 5066 507 5116 war,
525 5048 597 5104 habe
613 5048 658 5105 ich
674 5043 801 5122 dagdgen
824 5051 869 5106 die
886 5049 1077 5105 abweichende
1096 5051 1196 5104 Lesart
1218 5049 1247 5105 in
1268 5049 1323 5104 den
1340 5047 1558 5118 Anmerkungeu
1575 5061 1658 5116 ange

239 5131 336 5202 geben.
489 5138 505 5189 2
523 5134 594 5204 ipsis
610 5133 654 5190 bei
672 5134 770 5206 Vogel.
922 5139 938 5190 3
954 5135 1070 5190 diuinae
1086 5134 1184 5205 Vogel.
