3756 6158
246 485 306 551 310
423 560 429 579 .
723 483 773 534 Die
792 484 1010 549 philosophisohe
1027 483 1155 536 necnon.

244 666 361 754 aliquis
381 615 609 750 magistrorum
631 665 729 731 aliurn
750 677 845 733 extra
863 668 944 733 istos
964 666 1127 754 recipere3
1150 664 1209 730 sed
1229 679 1399 752 postquam
1413 686 1526 730 omnes
1546 666 1660 751 recepti

247 766 375 847 fuerint,
396 766 515 851 poterit
538 767 593 853 qui
615 766 764 832 residuus
785 768 881 832 fuerit
902 768 1049 854 recipere
1068 764 1198 849 librum,
1222 786 1456 854 quemeumque
1477 763 1623 831 voluerit.

627 905 1282 967 4.unconr1nuucronaoanmun1nra
1376 898 1379 903 ’

326 1015 494 1097 Quartum.
528 1012 674 1096 Quilibet
694 1019 934 1104 magistrorum,
961 1016 1124 1103 recipiens
1146 1016 1357 1099 ordinarium,
1378 1012 1544 1083 tenebitur
1563 1014 1661 1103 ipsun

203 1127 219 1182 5
246 1139 303 1203 per
326 1139 361 1181 se
382 1115 571 1181 continuare
592 1115 644 1181 vel
664 1115 811 1202 facultati
830 1117 998 1204 resignare
1019 1125 1094 1182 ante
1115 1116 1234 1182 festum
1256 1112 1353 1182 Galli.

563 1256 593 1316 5.
614 1267 661 1313 nn
681 1267 897 1315 vncsnrreus
919 1265 1118 1314 cremanus
1139 1264 1348 1314 neccaram.

326 1363 490 1445 Quintum.
530 1355 565 1429 Si
592 1367 626 1430 in
653 1387 731 1430 casu
758 1364 875 1453 aliquis
902 1366 1132 1452 magistrorum
1160 1374 1237 1452 post
1261 1364 1486 1451 inceptionem
1513 1385 1662 1429 novarum

246 1464 427 1529 leccionum
459 1464 606 1529 similiter
639 1464 797 1551 inciperet
826 1463 934 1551 legere
964 1487 1056 1529 suum
1084 1463 1284 1529 ordinarium
1313 1473 1344 1528 et
1373 1484 1439 1528 non
1469 1463 1664 1527 continuaret

244 1586 346 1651 usque
367 1563 411 1627 ad
432 1563 538 1644 finem,
565 1584 629 1629 non
650 1573 760 1650 potest
780 1562 874 1628 alteri
893 1565 1063 1650 resignare
1083 1562 1128 1628 ad
1148 1561 1414 1644 continuandum,
1436 1559 1496 1626 aed
1516 1560 1661 1626 stabitin

204 1673 235 1728 10
246 1663 420 1729 dictamine
440 1661 602 1728 facultatis
621 1662 788 1728 residuum
810 1662 1071 1729 continuandum.

520 1800 547 1862 6.
570 1811 643 1860 cun
661 1812 759 1873 onor>
776 1810 1010 1860 uunmnrrens
1033 1811 1086 1859 err
1108 1810 1388 1861 conrmnnnnus.

328 1911 472 1978 Sextum.
510 1909 655 1991 Quilibet
675 1911 836 1998 recipiens
857 1910 1057 1988 ordinarium
1079 1893 1239 1976 tenebitur
1261 1914 1546 1976 continnanecum
1565 1907 1661 1973 tribue

244 2010 449 2079 audientibus
470 2010 514 2075 ad
534 2012 648 2075 minus.

577 2134 606 2192 7.
626 2146 673 2193 nn
695 2143 912 2193 nncurclonn
932 2144 1111 2194 onnmnan
1131 2144 1168 2192 ln
1188 2144 1328 2194 ωιτη.

207 2254 236 2309 15
330 2233 521 2330 Septimum,
549 2243 635 2330 quod
658 2241 793 2332 quilibet
813 2245 969 2329 magister
991 2241 1088 2309 debet
1116 2266 1187 2310 esse
1211 2228 1342 2309 indutus
1363 2241 1478 2309 habitu
1501 2264 1563 2330 pro
1578 2232 1658 2307 'tern-

245 2365 325 2430 pore
345 2343 545 2430 recepcionis
569 2343 750 2410 ordinarii.¹

551 2598 580 2663 8.
604 2588 666 2680 [Bl.
689 2591 759 2680 50⁸]
783 2612 830 2694 nn
853 2568 1355 2671 commus-uxamarosnn

325 2724 419 2791 Anno
449 2724 570 2790 domini
596 2724 658 2790 Μθ.
686 2725 825 2793 00000.
854 2727 887 2792 Χ
916 2728 951 2792 in
978 2726 1139 2792 decanatu
1166 2727 1315 2815 magistri
1338 2726 1510 2815 Vincencii
1540 2725 1658 2794 Gruner

244 2827 278 2891 in
305 2824 357 2891 die
387 2825 491 2891 sancti
516 2825 671 2889 leronimi
701 2821 796 2908 (1410
823 2832 850 2893 d.
880 2833 928 2894 30.
956 2825 1153 2908 Septenber),
1181 2825 1269 2891 facta
1295 2826 1393 2913 plena
1418 2826 1658 2913 congregatione

86 2970 141 3079 Φ
204 2926 484 3029 20magisqrorum¹
502 2922 542 2989 de
563 2923 696 2989 oonsilio
717 2923 889 3007 facultatis,
910 2924 1096 2991 conclusum
1116 2925 1177 2989 fuit
1197 2934 1229 2989 et
1250 2935 1414 3008 statutum,
1435 2924 1524 2992 nullo
1543 2934 1657 2992 contra·

244 3024 381 3104 dieente,
410 3022 497 3108 quod
526 3021 633 3088 nullus
661 3025 890 3109 magistrorum
912 3024 986 3111 eligi
1010 3023 1128 3090 debeat
1147 3025 1182 3088 in
1203 3026 1459 3110 examinatorem
1481 3026 1657 3091 examinan-

246 3123 362 3188 dorum
377 3123 416 3197 h
437 3122 572 3204 artibus,
593 3123 657 3188 nisi
676 3125 731 3211 qui
752 3123 980 3212 complevisset
1000 3124 1177 3211 byennium
1197 3133 1229 3188 et
1250 3134 1341 3189 actus
1364 3145 1440 3190 snos
1462 3134 1495 3189 et
1514 3146 1590 3190 cum
1606 3122 1657 3188 hoc

245 3231 329 3288 esset
349 3231 423 3286 actu
446 3244 570 3308 regens.

462 3361 492 3422 9.
514 3373 575 3432 our
595 3372 689 3420 nunu
709 3371 864 3420 rossnnr
884 3371 1093 3420 sunm—rao
1119 3371 1244 3423 ranem
1262 3371 1445 3423 nncclonn.

204 3481 236 3538 25
327 3471 409 3536 Item
437 3470 548 3536 eodem
576 3470 629 3537 die
657 3472 691 3535 in
717 3470 828 3536 eadem
856 3472 1111 3556 congregacione
1137 3471 1323 3537 conclusum
1351 3471 1413 3536 fuit
1441 3481 1474 3537 et
1501 3482 1656 3551 statrrtnm,

245 3569 333 3636 nullo
361 3568 610 3651 contradicente,
637 3570 724 3657 quod
752 3569 894 3657 quilibet,
923 3568 1034 3635 volens
1065 3569 1178 3634 audire
1204 3569 1305 3635 libros
1335 3569 1378 3635 ad
1403 3572 1537 3658 gradus,
1565 3570 1657 3637 solum

248 3669 361 3734 audire
385 3668 503 3734 debeat
522 3667 604 3732 duas
633 3668 792 3733 lecciones
810 3670 845 3732 in
867 3666 981 3734 diade
1007 3668 1100 3733 libris
1122 3667 1165 3733 ad
1192 3669 1314 3756 gradus
1336 3682 1368 3735 et
1387 3693 1454 3736 non
1475 3672 1594 3758 poterit
1612 3693 1656 3735 au·

249 3767 318 3833 dire
339 3767 478 3853 aliquem
497 3790 557 3854 pro
579 3769 681 3832 tercia
698 3767 849 3850 leccione,
870 3768 934 3832 nisi
954 3766 1156 3833 Priscianum
1178 3766 1360 3834 breviorem
1380 3781 1412 3835 et
1430 3770 1561 3856 loycam
1582 3768 1654 3834 Hes·

172 3909 176 3916 ·
247 3865 306 3930 bri
348 3866 383 3931 Si
405 3889 482 3931 vero
505 3888 598 3931 secus
618 3867 744 3948 feeerit,
770 3890 834 3933 non
863 3867 927 3931 sint
948 3866 1029 3933 tales
1049 3865 1126 3932 libri
1147 3867 1211 3932 sibi
1231 3869 1441 3955 computandi
1461 3892 1523 3956 pro
1546 3869 1656 3935 auditis

205 3965 291 4031 ³0ad
312 3964 443 4051 gradus.
1264 4007 1270 4020 .

508 4071 553 4130 10.
575 4081 621 4128 nn
643 4080 804 4129 resume
824 4081 1026 4130 nuceronnu
1046 4076 1182 4132 unnim
1203 4084 1249 4131 er
1270 4084 1404 4133 munte.

329 4182 410 4246 Item
438 4178 549 4244 eodem
578 4179 630 4244 die
657 4181 691 4244 in
720 4179 833 4246 eadem
847 4181 1116 4268 congregacione
1142 4182 1328 4248 conclusum
1353 4185 1415 4248 fuit
1442 4194 1476 4250 et
1504 4194 1655 4263 statutum,

247 4278 333 4344 nullo
366 4277 615 4360 contradicente,
646 4278 733 4366 quod
763 4279 922 4346 lecciones
954 4278 1111 4346 librorum
1141 4279 1184 4346 ad
1218 4281 1340 4368 gradus
1370 4282 1533 4350 finiendae
1562 4289 1657 4350 essent

33 4368 79 4487 f*
247 4379 339 4443 iuxta
360 4380 513 4444 terminos
540 4377 702 4471 praefixos
731 4379 763 4442 in
792 4378 899 4444 studio
928 4380 1148 4445 universitatis
1176 4380 1362 4468 Pragensis,
1388 4381 1542 4449 videlicet
1562 4381 1655 4448 maxi·

57 4480 60 4485 '
208 4485 350 4558 tomum,
372 4476 458 4541 ultra
477 4476 563 4564 quod
582 4472 657 4559 nim,
679 4486 711 4542 et
728 4479 904 4560 minimum,
925 4479 1011 4543 infra
1030 4479 1117 4566 quod
1136 4502 1209 4548 non.
1250 4480 1316 4562 Qui
1336 4483 1467 4548 termini
1487 4484 1574 4549 infra
1593 4504 1654 4548 con·

248 4577 362 4662 scripti
383 4577 594 4643 eontinentur.

711 4683 758 4747 1-1.
781 4694 829 4741 nn
850 4693 963 4742 annus
984 4695 1031 4742 nn
1054 4694 1199 4744 suanus.

328 4791 409 4857 Item
432 4790 483 4854 die
505 4799 537 4854 et
561 4790 642 4874 loco,
668 4768 783 4877 quibus
812 4815 921 4879 supra,
948 4792 1069 4880 placuit
1096 4795 1262 4880 magistris
1289 4819 1349 4885 pro
1375 4807 1453 4864 tunc
1564 4772 1654 4864 nuni

247 4888 573 4978 repraesentantibus,
604 4889 690 4976 qnod
716 4890 791 4957 libri
822 4914 882 4979 pro
912 4891 1069 4979 gradibus
1097 4896 1277 4979 magisterii
1305 4905 1337 4963 et
1363 4896 1386 4963 b
1519 4899 1527 4914 ⁸
1622 4895 1650 4959 in

186 5122 189 5127 Ι
326 5061 338 5110 1
357 5053 485 5110 Hienach
502 5055 548 5108 eiu
564 5057 657 5125 spttter
673 5054 870 5127 eingeheftetes
887 5055 994 5111 osiae
1010 5055 1089 5110 Blatt
1106 5055 1160 5127 (1³1.
1178 5062 1218 5128 19,
1236 5077 1271 5114 an
1287 5058 1330 5115 Bl.
1351 5054 1391 5123 42·
1401 5010 1539 5134 ffltg)
1567 5046 1648 5130 Vndi-

189 5196 200 5209 ,
249 5137 383 5198 UrkundL
401 5138 523 5209 Quellen,
544 5139 570 5196 S.
589 5143 646 5196 821.
1575 5182 1586 5205 .
