3756 6158
246 455 305 516 196
786 453 841 502 Das
863 466 957 514 grosse
977 451 1083 515 Colleg.

769 580 775 611 l

247 672 295 734 37.
315 682 362 729 nn
378 681 552 729 roacrorn
576 684 738 731 secururs
760 685 796 730 nr
813 682 981 731 sansacu
999 682 1163 730 mersam
1184 682 1240 730 sm
1259 683 1326 729 rna
1341 681 1483 730 narsen
1501 678 1668 729 maeror,

326 814 408 878 Item
431 814 554 899 placuit
577 815 722 901 collegio,
751 815 847 902 quod,
874 817 1032 880 existente
1059 816 1197 901 pecunia
1226 813 1380 900 stipendii
1404 813 1508 896 totali,
1537 812 1668 878 scolaris

245 913 393 997 magistri
424 912 578 998 absent-is,
606 916 633 979 si
662 937 755 1002 quem
784 925 860 1002 post
888 937 922 979 se
950 913 1131 1001 reliquerit,
1158 912 1308 978 comedat
1335 913 1438 999 gratis
1465 914 1501 976 in
1529 911 1669 997 qualibet

244 1012 428 1076 mutacione
455 1035 513 1098 per
535 1037 634 1078 unum
655 1036 807 1095 mensem,
836 1035 878 1077 ex
900 1035 964 1098 quo
990 1013 1146 1098 magister
1174 1035 1250 1076 suus
1276 1021 1366 1077 tanto
1386 1020 1534 1098 tempore
1556 1010 1669 1076 absens

203 1122 219 1175 5
245 1134 265 1175 a
285 1109 422 1195 collegio
444 1133 515 1176 esse
543 1114 663 1198 poterit
690 1115 759 1176 sine
785 1111 922 1177 licencia
948 1110 1099 1197 speciali,
1128 1122 1163 1176 ut
1191 1113 1278 1176 canit
1306 1118 1460 1176 statutum
1488 1108 1669 1175 immediate

244 1207 456 1295 praecedens.
501 1208 536 1274 si
566 1233 644 1277 vero
670 1209 756 1275 ultra
785 1210 975 1293 comederit,
1008 1209 1114 1277 solvat
1143 1232 1203 1297 pro
1231 1208 1375 1298 qualibet
1404 1206 1463 1273 tali
1491 1207 1669 1275 ebdomada

246 1318 386 1393 quatuor
414 1331 462 1394 gr.
490 1332 602 1392 novos,
630 1333 691 1397 pro
720 1309 837 1395 quibus
864 1312 966 1374 eciam
989 1331 1118 1396 semper
1143 1310 1274 1374 inantea
1295 1307 1395 1373 bursa
1422 1307 1560 1373 scolaris
1589 1329 1668 1372 com·

245 1408 354 1493 putari
375 1404 480 1490 debet,
503 1417 559 1473 aut
580 1419 642 1474 stet
664 1411 698 1474 in
720 1418 807 1474 sorte
829 1431 902 1473 cum
923 1407 996 1473 aliis
1018 1430 1079 1495 pro
1101 1419 1178 1490 toto,
1198 1407 1259 1473 hoc
1280 1406 1433 1472 videlicet
1451 1406 1562 1490 modo,
1586 1404 1668 1493 quod

246 1506 351 1592 primo
374 1515 405 1569 et
426 1516 501 1570 ante
522 1511 631 1572 omnia
654 1505 684 1595 [7
691 1504 717 1595 b]
742 1506 922 1573 deducatur
944 1509 1084 1593 pecunia
1104 1530 1165 1595 pro
1187 1505 1336 1572 omnibus
1357 1506 1550 1593 septimanis
1570 1505 1665 1590 magi·

206 1614 388 1669 rostrorum
418 1627 643 1692 praesenciam
649 1657 658 1691 ,
689 1618 722 1672 ct
752 1607 919 1673 residuum
949 1609 977 1672 si
1011 1604 1089 1695 quid
1118 1606 1229 1689 firerit,
1261 1607 1371 1670 veniat
1400 1603 1581 1692 aequaliter
1613 1624 1669 1690 pro

247 1705 436 1792 septimanis
457 1705 631 1771 scolarium
653 1705 893 1772 comedencium
914 1714 981 1770 tam
1002 1707 1234 1791 magistrorum
1254 1705 1480 1791 praesenciam
1500 1725 1599 1793 quam
1617 1701 1669 1766 ab·

246 1805 399 1886 cencium,
428 1806 506 1891 quia
532 1804 702 1893 perhanc
729 1803 862 1869 modum
887 1803 1021 1869 tandem
1050 1802 1172 1868 rediret
1200 1826 1253 1868 res
1280 1805 1315 1868 in
1342 1805 1515 1891 pristinum
1545 1810 1669 1881 etatum,

246 1902 370 1968 scilicet
389 1902 476 1990 quod
498 1903 632 1970 scolaris
652 1906 686 1968 in
706 1902 861 1969 absencia
881 1903 1031 1990 magistri
1060 1905 1110 1968 sui
1137 1925 1196 1990 per
1222 1911 1325 1969 totum
1348 1900 1532 1968 comederet
1560 1900 1669 1985 gratis,

244 2001 296 2066 vel
318 2000 434 2066 saltem
454 2024 573 2089 parum
593 2002 730 2068 adderet
750 2025 810 2090 pro
831 2024 879 2068 eo.
921 2003 966 2067 Et
985 2002 1057 2086 hoc,
1077 2001 1208 2089 quando
1229 2000 1374 2066 redirent
1392 2012 1543 2088 tempora
1563 2000 1669 2085 priora

206 2111 279 2165 lbet
297 2099 441 2166 meliora.
486 2099 617 2187 [Arrold
644 2107 816 2185 Wdatcscld,
837 2106 892 2164 ecit
916 2106 994 2169 1520
1014 2106 1052 2164 im
1071 2124 1197 2182 procrea
1221 2101 1328 2180 001109,
1354 2104 1407 2162 leat
1432 2123 1475 2162 aa
1500 2105 1560 2162 ders
1581 2103 1670 2161 Rand

243 2204 447 2279 qcrclrieben:
488 2200 562 2266 Non
582 2197 751 2287 servatur]

335 2370 384 2436 38.
405 2340 452 2431 na
473 2382 589 2432 nuceo
611 2384 657 2431 er
679 2384 824 2432 nnnruo
844 2383 1005 2431 nmnrrrs
1024 2384 1091 2430 rna
1113 2381 1390 2432 cnavrsnrunau
1408 2382 1581 2432 nummus.

327 2500 409 2564 Item
428 2501 585 2585 magister
607 2497 722 2563 bibens
744 2497 797 2562 vel
818 2499 992 2563 cervisiam
1013 2520 1107 2563 suam
1124 2500 1288 2585 recipiens
1314 2499 1401 2563 infra
1421 2498 1667 2563 cervisiaturam

246 2597 381 2663 alicuius
408 2600 558 2684 magistri
583 2599 758 2663 cervisiam
785 2597 990 2684 respicientis
1020 2606 1149 2662 tenetur
1174 2607 1260 2662 stare
1292 2599 1327 2662 in
1351 2596 1443 2663 lucro
1471 2606 1504 2662 et
1532 2595 1668 2681 dampno

204 2696 308 2760 20sub
328 2699 391 2762 isto
413 2696 524 2762 modo:
556 2698 585 2761 si
604 2706 673 2763 tota
694 2698 842 2783 pecunia,
869 2718 930 2784 pro
953 2696 1093 2761 cervisia
1120 2698 1280 2784 exposita,
1307 2698 1457 2783 praecise
1482 2703 1668 2775 revertetur,

248 2807 324 2859 tunc
350 2796 453 2880 gratis
474 2794 558 2860 bibit
584 2798 618 2861 in
642 2819 770 2879 mensa3
798 2797 827 2861 si
851 2818 930 2861 vero
950 2794 1035 2859 ultra
1062 2797 1212 2882 exposita
1236 2793 1360 2880 aliquid
1387 2796 1514 2859 venerit
1540 2795 1575 2857 in
1602 2813 1668 2880 per·

248 2895 359 2980 ceptis,
385 2892 518 2959 habebit
538 2894 663 2959 lucrum
687 2917 747 2982 pro
767 2906 913 2982 tempore
935 2895 1018 2961 sicut
1037 2892 1121 2958 bibit
1143 2904 1198 2959 aut
1219 2894 1391 2959 cervisiam
1419 2915 1512 2959 suam
1542 2891 1667 2978 recepit

248 2990 303 3057 Sic
324 2992 481 3058 conformi
503 2993 599 3059 modo
621 2994 691 3077 fiet,
720 2995 748 3059 si
776 2995 838 3058 erit
858 2994 1044 3081 dampnum.
1087 2989 1182 3080 [Aret
1202 2997 1268 3056 hier
1288 2998 1342 3056 tat
1370 2995 1534 3072 Wo'rtqfcld
1554 3012 1596 3054 an
1616 2995 1668 3052 dea

246 3098 341 3155 Raad
358 3096 562 3172 qecclrrr'cbco:
601 3093 675 3158 Non
696 3090 867 3179 servatur]

204 3266 237 3321 25
343 3264 392 3325 39.
413 3275 461 3322 DE
483 3277 599 3325 Poena
617 3276 828 3325 concremer
848 3275 1075 3324 nnnn‘rmcnn
1095 3276 1130 3323 m
1152 3275 1327 3324 conecclo
1349 3272 1577 3323 nncfflmrrm.

328 3391 408 3456 Item
429 3390 535 3458 nullus
558 3391 802 3478 collegiatorum
824 3390 867 3456 ad
890 3391 1061 3477 collegium
1081 3389 1267 3456 introducat
1287 3389 1340 3455 vel
1361 3391 1396 3454 in
1413 3413 1452 3455 eo
1472 3389 1517 3456 ad
1538 3410 1670 3456 commo

248 3490 324 3554 dum
358 3514 452 3555 suum
485 3492 622 3578 recipiat
651 3492 852 3556 meretricem
881 3489 933 3555 vel
967 3499 1075 3555 actum
1104 3512 1277 3554 venereum
1305 3488 1387 3554 inibi
1416 3499 1584 3572 exerceat,
1614 3487 1670 3553 sub

246 3612 361 3676 poena,
382 3590 478 3677 quod,
507 3592 535 3654 si
557 3590 598 3654 de
616 3589 679 3656 hoc
699 3591 865 3655 convictus
887 3589 938 3654 vel
958 3590 1124 3667 confessus
1145 3591 1256 3671 fuerit,
1284 3600 1339 3654 aut
1361 3589 1401 3657 de
1420 3589 1483 3656 hoc
1504 3597 1671 3676 suspectus

248 3710 283 3753 se
304 3711 490 3776 expurgare
510 3690 706 3773 nequiverit,
732 3691 766 3753 in
787 3707 861 3754 xxx
883 3688 1015 3754 florenis
1036 3712 1110 3755 cum
1135 3690 1249 3756 effectu
1271 3692 1502 3777 puniaturant
1518 3698 1672 3776 perpetue

205 3797 269 3853 30a
291 3786 427 3874 collegio
450 3790 493 3853 sit
513 3787 674 3854 exclusus.

280 3961 328 4021 40.
350 3973 397 4018 DE
420 3971 594 4019 LECTIONE
615 3972 661 4018 ΑΙ)
684 3971 824 4018 MENSAM
845 3971 890 4017 ΕΤ
910 3971 957 4017 DE
980 3970 1139 4019 smnnclo
1161 3950 1224 4020 SllB
1244 3971 1418 4020 haemona
1439 3968 1633 4020 seuuemo,

329 4089 411 4153 -Item
432 4086 567 4175 quilibet
587 4088 743 4171 magister
764 4086 798 4149 in
818 4083 932 4149 ordine
953 4107 1010 4150 suo
1038 4083 1147 4171 legere
1172 4084 1269 4150 debet
1296 4085 1338 4151 ad
1367 4108 1514 4152 mensam
1543 4084 1672 4174 prandii

248 4197 280 4251 et
309 4209 439 4268 coenae,
468 4187 550 4250 sicut
577 4184 704 4250 meliori
732 4183 829 4248 modo
861 4194 968 4270 potest
1000 4207 1072 4248 cum
1104 4183 1157 4249 vel
1185 4185 1254 4248 sine
1286 4194 1432 4268 accentu,
1463 4183 1519 4251 vel
1550 4185 1581 4250 si
1609 4205 1673 4251 non

246 4295 354 4374 potest
384 4308 443 4372 per
471 4306 515 4366 se,
544 4283 697 4369 disponat
727 4281 827 4348 alium
855 4284 1047 4369 magistrum
1079 4305 1139 4369 pro
1172 4305 1208 4348 se
1238 4282 1406 4369 legentem.
1448 4283 1496 4350 Et
1526 4283 1589 4351 sub
1618 4281 1671 4351 illa

204 4394 237 4450 35
247 4385 383 4450 lectione
411 4392 560 4449 tenentur
582 4404 693 4448 omnes
719 4392 785 4447 tam
809 4379 839 4470 [8
847 4378 873 4469 ¹]
893 4382 1044 4467 magistri
1069 4404 1166 4466 quam
1192 4383 1333 4450 scolares
1360 4381 1529 4451 silencium
1557 4394 1671 4450 tenere

247 4485 345 4565 Quod
371 4486 399 4549 si
425 4484 496 4569 quis
521 4481 630 4567 legere
651 4505 710 4568 pcr
733 4505 768 4548 se
789 4482 842 4547 vel
867 4481 966 4547 alium
988 4482 1177 4569 magistrum
1198 4483 1395 4570 neglexerit,
1424 4483 1532 4551 solvat
1550 4483 1670 4551 tociens

247 4586 399 4671 quociens
421 4605 519 4649 unum
542 4583 709 4668 antiquum
730 4605 779 4667 gr.
799 4605 860 4669 pro
880 4603 995 4669 poena.

246 4755 294 4814 41.
326 4768 373 4814 ns
397 4765 537 4814 vrouns
558 4765 603 4811 nr
626 4763 734 4813 mss1s
754 4764 842 4813 rosr
864 4764 998 4814 carran
1018 4765 1179 4814 amemus
1201 4765 1413 4815 corneorum
1434 4765 1504 4816 rnn
1522 4736 1680 4833 merod

863 4864 1045 4914 nnenrms.

205 4988 238 5043 40
328 4979 410 5044 Item
431 4980 686 5068 quandocunque
707 4982 841 5048 moritur
863 4981 979 5069 aliquis
1004 4979 1194 5067 collegiatus
1217 4980 1345 5068 collegii
1374 4982 1569 5069 praesenuffa,
1595 4989 1667 5048 tunc

247 5078 303 5144 alii
325 5078 486 5165 collegiati
508 5080 651 5146 eiusdem
666 5080 793 5166 collegii
812 5080 997 5170 presbyteri
1017 5090 1166 5147 tenentur
1181 5080 1289 5168 legere
1310 5079 1445 5169 quilibet
1464 5088 1533 5149 tres
1555 5082 1665 5149 misaca
